%YAML 1.1
%TAG !u! tag:unity3d.com,2011:
--- !u!29 &1
OcclusionCullingSettings:
  m_ObjectHideFlags: 0
  serializedVersion: 2
  m_OcclusionBakeSettings:
    smallestOccluder: 5
    smallestHole: 0.25
    backfaceThreshold: 100
  m_SceneGUID: 00000000000000000000000000000000
  m_OcclusionCullingData: {fileID: 0}
--- !u!104 &2
RenderSettings:
  m_ObjectHideFlags: 0
  serializedVersion: 9
  m_Fog: 0
  m_FogColor: {r: 0.5, g: 0.5, b: 0.5, a: 1}
  m_FogMode: 3
  m_FogDensity: 0.01
  m_LinearFogStart: 0
  m_LinearFogEnd: 300
  m_AmbientSkyColor: {r: 0.61877, g: 0.7610798, b: 0.9716981, a: 1}
  m_AmbientEquatorColor: {r: 0.546875, g: 0.57974136, b: 0.625, a: 1}
  m_AmbientGroundColor: {r: 0.546875, g: 0.57974136, b: 0.625, a: 1}
  m_AmbientIntensity: 1
  m_AmbientMode: 3
  m_SubtractiveShadowColor: {r: 0.42, g: 0.478, b: 0.627, a: 1}
  m_SkyboxMaterial: {fileID: 0}
  m_HaloStrength: 0.5
  m_FlareStrength: 1
  m_FlareFadeSpeed: 3
  m_HaloTexture: {fileID: 0}
  m_SpotCookie: {fileID: 10001, guid: 0000000000000000e000000000000000, type: 0}
  m_DefaultReflectionMode: 0
  m_DefaultReflectionResolution: 128
  m_ReflectionBounces: 1
  m_ReflectionIntensity: 1
  m_CustomReflection: {fileID: 0}
  m_Sun: {fileID: 0}
  m_IndirectSpecularColor: {r: 0, g: 0, b: 0, a: 1}
  m_UseRadianceAmbientProbe: 0
--- !u!157 &4
LightmapSettings:
  m_ObjectHideFlags: 0
  serializedVersion: 11
  m_GIWorkflowMode: 1
  m_GISettings:
    serializedVersion: 2
    m_BounceScale: 1
    m_IndirectOutputScale: 1
    m_AlbedoBoost: 1
    m_EnvironmentLightingMode: 0
    m_EnableBakedLightmaps: 0
    m_EnableRealtimeLightmaps: 0
  m_LightmapEditorSettings:
    serializedVersion: 10
    m_Resolution: 1
    m_BakeResolution: 5
    m_AtlasSize: 1024
    m_AO: 1
    m_AOMaxDistance: 1
    m_CompAOExponent: 1
    m_CompAOExponentDirect: 0
    m_Padding: 2
    m_LightmapParameters: {fileID: 0}
    m_LightmapsBakeMode: 0
    m_TextureCompression: 0
    m_FinalGather: 0
    m_FinalGatherFiltering: 1
    m_FinalGatherRayCount: 256
    m_ReflectionCompression: 2
    m_MixedBakeMode: 1
    m_BakeBackend: 0
    m_PVRSampling: 1
    m_PVRDirectSampleCount: 32
    m_PVRSampleCount: 500
    m_PVRBounces: 2
    m_PVRFilterTypeDirect: 0
    m_PVRFilterTypeIndirect: 0
    m_PVRFilterTypeAO: 0
    m_PVRFilteringMode: 0
    m_PVRCulling: 1
    m_PVRFilteringGaussRadiusDirect: 1
    m_PVRFilteringGaussRadiusIndirect: 5
    m_PVRFilteringGaussRadiusAO: 2
    m_PVRFilteringAtrousPositionSigmaDirect: 0.5
    m_PVRFilteringAtrousPositionSigmaIndirect: 2
    m_PVRFilteringAtrousPositionSigmaAO: 1
    m_ShowResolutionOverlay: 1
  m_LightingDataAsset: {fileID: 112000002, guid: 84c62cf43347f6642bde2e004d77201e,
    type: 2}
  m_UseShadowmask: 0
--- !u!196 &5
NavMeshSettings:
  serializedVersion: 2
  m_ObjectHideFlags: 0
  m_BuildSettings:
    serializedVersion: 2
    agentTypeID: 0
    agentRadius: 0.5
    agentHeight: 2
    agentSlope: 45
    agentClimb: 0.4
    ledgeDropHeight: 0
    maxJumpAcrossDistance: 0
    minRegionArea: 2
    manualCellSize: 0
    cellSize: 0.16666666
    manualTileSize: 0
    tileSize: 256
    accuratePlacement: 0
    debug:
      m_Flags: 0
  m_NavMeshData: {fileID: 0}
--- !u!1 &188042239
GameObject:
  m_ObjectHideFlags: 0
  m_CorrespondingSourceObject: {fileID: 0}
  m_PrefabInstance: {fileID: 0}
  m_PrefabAsset: {fileID: 0}
  serializedVersion: 6
  m_Component:
  - component: {fileID: 188042240}
  - component: {fileID: 188042241}
  m_Layer: 0
  m_Name: ts_chc002n
  m_TagString: Untagged
  m_Icon: {fileID: 0}
  m_NavMeshLayer: 0
  m_StaticEditorFlags: 0
  m_IsActive: 1
--- !u!4 &188042240
Transform:
  m_ObjectHideFlags: 0
  m_CorrespondingSourceObject: {fileID: 0}
  m_PrefabInstance: {fileID: 0}
  m_PrefabAsset: {fileID: 0}
  m_GameObject: {fileID: 188042239}
  m_LocalRotation: {x: 0, y: 0, z: 0, w: 1}
  m_LocalPosition: {x: 0, y: 0, z: 0}
  m_LocalScale: {x: 1, y: 1, z: 1}
  m_Children:
  - {fileID: 330467864}
  - {fileID: 1759057961}
  - {fileID: 1184826051}
  m_Father: {fileID: 0}
  m_RootOrder: 0
  m_LocalEulerAnglesHint: {x: 0, y: 0, z: 0}
--- !u!114 &188042241
MonoBehaviour:
  m_ObjectHideFlags: 0
  m_CorrespondingSourceObject: {fileID: 0}
  m_PrefabInstance: {fileID: 0}
  m_PrefabAsset: {fileID: 0}
  m_GameObject: {fileID: 188042239}
  m_Enabled: 1
  m_EditorHideFlags: 0
  m_Script: {fileID: 11500000, guid: 509ceed1215c0df428d0cb9dd64e666c, type: 3}
  m_Name: 
  m_EditorClassIdentifier: 
  m_Fog: 0
  m_Fog_Color: {r: 0, g: 0, b: 0, a: 0}
  m_Fog_Mode: 0
  m_FogDensity: 0
  m_linear_fog_start: 0
  m_linear_fog_end: 0
  m_Ambient_Light: {r: 0.61960787, g: 0.7607843, b: 0.972549, a: 1}
  m_skybox: {fileID: 0}
  m_add_scene: 1
  m_directs:
  - {fileID: 1759057960}
  - {fileID: 330467863}
--- !u!1 &330467863 stripped
GameObject:
  m_CorrespondingSourceObject: {fileID: 100112, guid: 37e22b2cf15e8cc45a61c59331578b28,
    type: 3}
  m_PrefabInstance: {fileID: 346028711}
  m_PrefabAsset: {fileID: 0}
--- !u!4 &330467864 stripped
Transform:
  m_CorrespondingSourceObject: {fileID: 400112, guid: 37e22b2cf15e8cc45a61c59331578b28,
    type: 3}
  m_PrefabInstance: {fileID: 346028711}
  m_PrefabAsset: {fileID: 0}
--- !u!1001 &346028711
PrefabInstance:
  m_ObjectHideFlags: 0
  serializedVersion: 2
  m_Modification:
    m_TransformParent: {fileID: 188042240}
    m_Modifications:
    - target: {fileID: 400112, guid: 37e22b2cf15e8cc45a61c59331578b28, type: 3}
      propertyPath: m_LocalPosition.x
      value: 0
      objectReference: {fileID: 0}
    - target: {fileID: 400112, guid: 37e22b2cf15e8cc45a61c59331578b28, type: 3}
      propertyPath: m_LocalPosition.y
      value: 0
      objectReference: {fileID: 0}
    - target: {fileID: 400112, guid: 37e22b2cf15e8cc45a61c59331578b28, type: 3}
      propertyPath: m_LocalPosition.z
      value: 0
      objectReference: {fileID: 0}
    - target: {fileID: 400112, guid: 37e22b2cf15e8cc45a61c59331578b28, type: 3}
      propertyPath: m_LocalRotation.x
      value: 0
      objectReference: {fileID: 0}
    - target: {fileID: 400112, guid: 37e22b2cf15e8cc45a61c59331578b28, type: 3}
      propertyPath: m_LocalRotation.y
      value: 0
      objectReference: {fileID: 0}
    - target: {fileID: 400112, guid: 37e22b2cf15e8cc45a61c59331578b28, type: 3}
      propertyPath: m_LocalRotation.z
      value: 0
      objectReference: {fileID: 0}
    - target: {fileID: 400112, guid: 37e22b2cf15e8cc45a61c59331578b28, type: 3}
      propertyPath: m_LocalRotation.w
      value: 1
      objectReference: {fileID: 0}
    - target: {fileID: 400112, guid: 37e22b2cf15e8cc45a61c59331578b28, type: 3}
      propertyPath: m_RootOrder
      value: 0
      objectReference: {fileID: 0}
    m_RemovedComponents: []
  m_SourcePrefab: {fileID: 100100000, guid: 37e22b2cf15e8cc45a61c59331578b28, type: 3}
--- !u!1001 &624593675
PrefabInstance:
  m_ObjectHideFlags: 0
  serializedVersion: 2
  m_Modification:
    m_TransformParent: {fileID: 188042240}
    m_Modifications:
    - target: {fileID: 100058, guid: 41e7617bf13ab9c4686506468668021e, type: 3}
      propertyPath: m_Name
      value: ts_sencen
      objectReference: {fileID: 0}
    - target: {fileID: 100058, guid: 41e7617bf13ab9c4686506468668021e, type: 3}
      propertyPath: m_IsActive
      value: 1
      objectReference: {fileID: 0}
    - target: {fileID: 100070, guid: 41e7617bf13ab9c4686506468668021e, type: 3}
      propertyPath: m_IsActive
      value: 0
      objectReference: {fileID: 0}
    - target: {fileID: 10800024, guid: 41e7617bf13ab9c4686506468668021e, type: 3}
      propertyPath: m_ActuallyLightmapped
      value: 1
      objectReference: {fileID: 0}
    - target: {fileID: 10800024, guid: 41e7617bf13ab9c4686506468668021e, type: 3}
      propertyPath: m_Lightmapping
      value: 2
      objectReference: {fileID: 0}
    - target: {fileID: 100054, guid: 41e7617bf13ab9c4686506468668021e, type: 3}
      propertyPath: m_Name
      value: cha02zgy01
      objectReference: {fileID: 0}
    - target: {fileID: 100054, guid: 41e7617bf13ab9c4686506468668021e, type: 3}
      propertyPath: m_IsActive
      value: 0
      objectReference: {fileID: 0}
    - target: {fileID: 400054, guid: 41e7617bf13ab9c4686506468668021e, type: 3}
      propertyPath: m_LocalPosition.x
      value: -2.9558928
      objectReference: {fileID: 0}
    - target: {fileID: 10800016, guid: 41e7617bf13ab9c4686506468668021e, type: 3}
      propertyPath: m_ActuallyLightmapped
      value: 1
      objectReference: {fileID: 0}
    - target: {fileID: 10800016, guid: 41e7617bf13ab9c4686506468668021e, type: 3}
      propertyPath: m_Range
      value: 7.57
      objectReference: {fileID: 0}
    - target: {fileID: 10800016, guid: 41e7617bf13ab9c4686506468668021e, type: 3}
      propertyPath: m_Intensity
      value: 3
      objectReference: {fileID: 0}
    - target: {fileID: 10800016, guid: 41e7617bf13ab9c4686506468668021e, type: 3}
      propertyPath: m_Lightmapping
      value: 2
      objectReference: {fileID: 0}
    - target: {fileID: 100056, guid: 41e7617bf13ab9c4686506468668021e, type: 3}
      propertyPath: m_IsActive
      value: 0
      objectReference: {fileID: 0}
    - target: {fileID: 10800018, guid: 41e7617bf13ab9c4686506468668021e, type: 3}
      propertyPath: m_ActuallyLightmapped
      value: 1
      objectReference: {fileID: 0}
    - target: {fileID: 10800018, guid: 41e7617bf13ab9c4686506468668021e, type: 3}
      propertyPath: m_Lightmapping
      value: 2
      objectReference: {fileID: 0}
    - target: {fileID: 10800018, guid: 41e7617bf13ab9c4686506468668021e, type: 3}
      propertyPath: m_Intensity
      value: 3
      objectReference: {fileID: 0}
    - target: {fileID: 10800018, guid: 41e7617bf13ab9c4686506468668021e, type: 3}
      propertyPath: m_Color.r
      value: 0.0764062
      objectReference: {fileID: 0}
    - target: {fileID: 10800018, guid: 41e7617bf13ab9c4686506468668021e, type: 3}
      propertyPath: m_Color.g
      value: 0.8310077
      objectReference: {fileID: 0}
    - target: {fileID: 10800018, guid: 41e7617bf13ab9c4686506468668021e, type: 3}
      propertyPath: m_Color.b
      value: 0.9528302
      objectReference: {fileID: 0}
    - target: {fileID: 100050, guid: 41e7617bf13ab9c4686506468668021e, type: 3}
      propertyPath: m_IsActive
      value: 0
      objectReference: {fileID: 0}
    - target: {fileID: 10800014, guid: 41e7617bf13ab9c4686506468668021e, type: 3}
      propertyPath: m_ActuallyLightmapped
      value: 1
      objectReference: {fileID: 0}
    - target: {fileID: 10800014, guid: 41e7617bf13ab9c4686506468668021e, type: 3}
      propertyPath: m_Intensity
      value: 2
      objectReference: {fileID: 0}
    - target: {fileID: 10800014, guid: 41e7617bf13ab9c4686506468668021e, type: 3}
      propertyPath: m_Lightmapping
      value: 2
      objectReference: {fileID: 0}
    - target: {fileID: 100020, guid: 41e7617bf13ab9c4686506468668021e, type: 3}
      propertyPath: m_StaticEditorFlags
      value: 4294967295
      objectReference: {fileID: 0}
    - target: {fileID: 100074, guid: 41e7617bf13ab9c4686506468668021e, type: 3}
      propertyPath: m_IsActive
      value: 0
      objectReference: {fileID: 0}
    - target: {fileID: 10800028, guid: 41e7617bf13ab9c4686506468668021e, type: 3}
      propertyPath: m_ActuallyLightmapped
      value: 1
      objectReference: {fileID: 0}
    - target: {fileID: 10800028, guid: 41e7617bf13ab9c4686506468668021e, type: 3}
      propertyPath: m_Intensity
      value: 2
      objectReference: {fileID: 0}
    - target: {fileID: 10800028, guid: 41e7617bf13ab9c4686506468668021e, type: 3}
      propertyPath: m_Lightmapping
      value: 2
      objectReference: {fileID: 0}
    - target: {fileID: 100002, guid: 41e7617bf13ab9c4686506468668021e, type: 3}
      propertyPath: m_StaticEditorFlags
      value: 4294967295
      objectReference: {fileID: 0}
    - target: {fileID: 100038, guid: 41e7617bf13ab9c4686506468668021e, type: 3}
      propertyPath: m_IsActive
      value: 0
      objectReference: {fileID: 0}
    - target: {fileID: 10800008, guid: 41e7617bf13ab9c4686506468668021e, type: 3}
      propertyPath: m_ActuallyLightmapped
      value: 1
      objectReference: {fileID: 0}
    - target: {fileID: 10800008, guid: 41e7617bf13ab9c4686506468668021e, type: 3}
      propertyPath: m_Intensity
      value: 2
      objectReference: {fileID: 0}
    - target: {fileID: 10800008, guid: 41e7617bf13ab9c4686506468668021e, type: 3}
      propertyPath: m_Lightmapping
      value: 2
      objectReference: {fileID: 0}
    - target: {fileID: 100078, guid: 41e7617bf13ab9c4686506468668021e, type: 3}
      propertyPath: m_IsActive
      value: 0
      objectReference: {fileID: 0}
    - target: {fileID: 10800030, guid: 41e7617bf13ab9c4686506468668021e, type: 3}
      propertyPath: m_ActuallyLightmapped
      value: 1
      objectReference: {fileID: 0}
    - target: {fileID: 10800030, guid: 41e7617bf13ab9c4686506468668021e, type: 3}
      propertyPath: m_Intensity
      value: 3
      objectReference: {fileID: 0}
    - target: {fileID: 10800030, guid: 41e7617bf13ab9c4686506468668021e, type: 3}
      propertyPath: m_Lightmapping
      value: 2
      objectReference: {fileID: 0}
    - target: {fileID: 100006, guid: 41e7617bf13ab9c4686506468668021e, type: 3}
      propertyPath: m_StaticEditorFlags
      value: 4294967295
      objectReference: {fileID: 0}
    - target: {fileID: 2300026, guid: 41e7617bf13ab9c4686506468668021e, type: 3}
      propertyPath: m_LightmapIndex
      value: 1
      objectReference: {fileID: 0}
    - target: {fileID: 2300026, guid: 41e7617bf13ab9c4686506468668021e, type: 3}
      propertyPath: m_LightmapTilingOffset.x
      value: .393554688
      objectReference: {fileID: 0}
    - target: {fileID: 2300026, guid: 41e7617bf13ab9c4686506468668021e, type: 3}
      propertyPath: m_LightmapTilingOffset.y
      value: .393554688
      objectReference: {fileID: 0}
    - target: {fileID: 2300026, guid: 41e7617bf13ab9c4686506468668021e, type: 3}
      propertyPath: m_LightmapTilingOffset.z
      value: -.001537323
      objectReference: {fileID: 0}
    - target: {fileID: 2300026, guid: 41e7617bf13ab9c4686506468668021e, type: 3}
      propertyPath: m_LightmapTilingOffset.w
      value: -.001537323
      objectReference: {fileID: 0}
    - target: {fileID: 100030, guid: 41e7617bf13ab9c4686506468668021e, type: 3}
      propertyPath: m_IsActive
      value: 0
      objectReference: {fileID: 0}
    - target: {fileID: 10800000, guid: 41e7617bf13ab9c4686506468668021e, type: 3}
      propertyPath: m_ActuallyLightmapped
      value: 1
      objectReference: {fileID: 0}
    - target: {fileID: 10800000, guid: 41e7617bf13ab9c4686506468668021e, type: 3}
      propertyPath: m_Intensity
      value: 2
      objectReference: {fileID: 0}
    - target: {fileID: 10800000, guid: 41e7617bf13ab9c4686506468668021e, type: 3}
      propertyPath: m_Lightmapping
      value: 2
      objectReference: {fileID: 0}
    - target: {fileID: 400058, guid: 41e7617bf13ab9c4686506468668021e, type: 3}
      propertyPath: m_LocalPosition.x
      value: 0
      objectReference: {fileID: 0}
    - target: {fileID: 400058, guid: 41e7617bf13ab9c4686506468668021e, type: 3}
      propertyPath: m_LocalPosition.y
      value: 0
      objectReference: {fileID: 0}
    - target: {fileID: 400058, guid: 41e7617bf13ab9c4686506468668021e, type: 3}
      propertyPath: m_LocalPosition.z
      value: 0
      objectReference: {fileID: 0}
    - target: {fileID: 400058, guid: 41e7617bf13ab9c4686506468668021e, type: 3}
      propertyPath: m_LocalRotation.x
      value: 0
      objectReference: {fileID: 0}
    - target: {fileID: 400058, guid: 41e7617bf13ab9c4686506468668021e, type: 3}
      propertyPath: m_LocalRotation.y
      value: 0
      objectReference: {fileID: 0}
    - target: {fileID: 400058, guid: 41e7617bf13ab9c4686506468668021e, type: 3}
      propertyPath: m_LocalRotation.z
      value: 0
      objectReference: {fileID: 0}
    - target: {fileID: 400058, guid: 41e7617bf13ab9c4686506468668021e, type: 3}
      propertyPath: m_LocalRotation.w
      value: 1
      objectReference: {fileID: 0}
    - target: {fileID: 400058, guid: 41e7617bf13ab9c4686506468668021e, type: 3}
      propertyPath: m_RootOrder
      value: 2
      objectReference: {fileID: 0}
    - target: {fileID: 100072, guid: 41e7617bf13ab9c4686506468668021e, type: 3}
      propertyPath: m_Name
      value: cha02zgy02
      objectReference: {fileID: 0}
    - target: {fileID: 100072, guid: 41e7617bf13ab9c4686506468668021e, type: 3}
      propertyPath: m_IsActive
      value: 0
      objectReference: {fileID: 0}
    - target: {fileID: 100042, guid: 41e7617bf13ab9c4686506468668021e, type: 3}
      propertyPath: m_IsActive
      value: 0
      objectReference: {fileID: 0}
    - target: {fileID: 100032, guid: 41e7617bf13ab9c4686506468668021e, type: 3}
      propertyPath: m_IsActive
      value: 0
      objectReference: {fileID: 0}
    - target: {fileID: 100036, guid: 41e7617bf13ab9c4686506468668021e, type: 3}
      propertyPath: m_IsActive
      value: 0
      objectReference: {fileID: 0}
    - target: {fileID: 100060, guid: 41e7617bf13ab9c4686506468668021e, type: 3}
      propertyPath: m_IsActive
      value: 0
      objectReference: {fileID: 0}
    - target: {fileID: 100044, guid: 41e7617bf13ab9c4686506468668021e, type: 3}
      propertyPath: m_IsActive
      value: 0
      objectReference: {fileID: 0}
    - target: {fileID: 100064, guid: 41e7617bf13ab9c4686506468668021e, type: 3}
      propertyPath: m_IsActive
      value: 0
      objectReference: {fileID: 0}
    - target: {fileID: 10800010, guid: 41e7617bf13ab9c4686506468668021e, type: 3}
      propertyPath: m_ActuallyLightmapped
      value: 1
      objectReference: {fileID: 0}
    - target: {fileID: 10800010, guid: 41e7617bf13ab9c4686506468668021e, type: 3}
      propertyPath: m_Intensity
      value: 2
      objectReference: {fileID: 0}
    - target: {fileID: 10800010, guid: 41e7617bf13ab9c4686506468668021e, type: 3}
      propertyPath: m_Lightmapping
      value: 2
      objectReference: {fileID: 0}
    - target: {fileID: 10800002, guid: 41e7617bf13ab9c4686506468668021e, type: 3}
      propertyPath: m_ActuallyLightmapped
      value: 1
      objectReference: {fileID: 0}
    - target: {fileID: 10800002, guid: 41e7617bf13ab9c4686506468668021e, type: 3}
      propertyPath: m_Intensity
      value: 2
      objectReference: {fileID: 0}
    - target: {fileID: 10800002, guid: 41e7617bf13ab9c4686506468668021e, type: 3}
      propertyPath: m_Lightmapping
      value: 2
      objectReference: {fileID: 0}
    - target: {fileID: 10800006, guid: 41e7617bf13ab9c4686506468668021e, type: 3}
      propertyPath: m_ActuallyLightmapped
      value: 1
      objectReference: {fileID: 0}
    - target: {fileID: 10800006, guid: 41e7617bf13ab9c4686506468668021e, type: 3}
      propertyPath: m_Intensity
      value: 3
      objectReference: {fileID: 0}
    - target: {fileID: 10800006, guid: 41e7617bf13ab9c4686506468668021e, type: 3}
      propertyPath: m_Lightmapping
      value: 2
      objectReference: {fileID: 0}
    - target: {fileID: 10800020, guid: 41e7617bf13ab9c4686506468668021e, type: 3}
      propertyPath: m_ActuallyLightmapped
      value: 1
      objectReference: {fileID: 0}
    - target: {fileID: 10800020, guid: 41e7617bf13ab9c4686506468668021e, type: 3}
      propertyPath: m_Intensity
      value: 3
      objectReference: {fileID: 0}
    - target: {fileID: 10800020, guid: 41e7617bf13ab9c4686506468668021e, type: 3}
      propertyPath: m_Lightmapping
      value: 2
      objectReference: {fileID: 0}
    - target: {fileID: 10800004, guid: 41e7617bf13ab9c4686506468668021e, type: 3}
      propertyPath: m_ActuallyLightmapped
      value: 0
      objectReference: {fileID: 0}
    - target: {fileID: 10800004, guid: 41e7617bf13ab9c4686506468668021e, type: 3}
      propertyPath: m_Intensity
      value: 2.29
      objectReference: {fileID: 0}
    - target: {fileID: 10800004, guid: 41e7617bf13ab9c4686506468668021e, type: 3}
      propertyPath: m_Lightmapping
      value: 2
      objectReference: {fileID: 0}
    - target: {fileID: 10800012, guid: 41e7617bf13ab9c4686506468668021e, type: 3}
      propertyPath: m_ActuallyLightmapped
      value: 1
      objectReference: {fileID: 0}
    - target: {fileID: 10800012, guid: 41e7617bf13ab9c4686506468668021e, type: 3}
      propertyPath: m_Intensity
      value: 3
      objectReference: {fileID: 0}
    - target: {fileID: 10800012, guid: 41e7617bf13ab9c4686506468668021e, type: 3}
      propertyPath: m_Lightmapping
      value: 2
      objectReference: {fileID: 0}
    - target: {fileID: 10800022, guid: 41e7617bf13ab9c4686506468668021e, type: 3}
      propertyPath: m_ActuallyLightmapped
      value: 1
      objectReference: {fileID: 0}
    - target: {fileID: 10800022, guid: 41e7617bf13ab9c4686506468668021e, type: 3}
      propertyPath: m_Intensity
      value: 2
      objectReference: {fileID: 0}
    - target: {fileID: 10800022, guid: 41e7617bf13ab9c4686506468668021e, type: 3}
      propertyPath: m_Lightmapping
      value: 2
      objectReference: {fileID: 0}
    - target: {fileID: 2300028, guid: 41e7617bf13ab9c4686506468668021e, type: 3}
      propertyPath: m_LightmapIndex
      value: 0
      objectReference: {fileID: 0}
    - target: {fileID: 2300028, guid: 41e7617bf13ab9c4686506468668021e, type: 3}
      propertyPath: m_LightmapTilingOffset.x
      value: .7265625
      objectReference: {fileID: 0}
    - target: {fileID: 2300028, guid: 41e7617bf13ab9c4686506468668021e, type: 3}
      propertyPath: m_LightmapTilingOffset.y
      value: .7265625
      objectReference: {fileID: 0}
    - target: {fileID: 10800026, guid: 41e7617bf13ab9c4686506468668021e, type: 3}
      propertyPath: m_ActuallyLightmapped
      value: 1
      objectReference: {fileID: 0}
    - target: {fileID: 10800026, guid: 41e7617bf13ab9c4686506468668021e, type: 3}
      propertyPath: m_Lightmapping
      value: 2
      objectReference: {fileID: 0}
    - target: {fileID: 100034, guid: 41e7617bf13ab9c4686506468668021e, type: 3}
      propertyPath: m_IsActive
      value: 0
      objectReference: {fileID: 0}
    - target: {fileID: 400028, guid: 41e7617bf13ab9c4686506468668021e, type: 3}
      propertyPath: m_LocalPosition.z
      value: -3.977418
      objectReference: {fileID: 0}
    - target: {fileID: 400028, guid: 41e7617bf13ab9c4686506468668021e, type: 3}
      propertyPath: m_LocalPosition.x
      value: -11.1770115
      objectReference: {fileID: 0}
    - target: {fileID: 400028, guid: 41e7617bf13ab9c4686506468668021e, type: 3}
      propertyPath: m_LocalScale.y
      value: 1.1356027
      objectReference: {fileID: 0}
    - target: {fileID: 400028, guid: 41e7617bf13ab9c4686506468668021e, type: 3}
      propertyPath: m_LocalPosition.y
      value: 0.00048828125
      objectReference: {fileID: 0}
    - target: {fileID: 100016, guid: 41e7617bf13ab9c4686506468668021e, type: 3}
      propertyPath: m_StaticEditorFlags
      value: 4294967295
      objectReference: {fileID: 0}
    - target: {fileID: 100028, guid: 41e7617bf13ab9c4686506468668021e, type: 3}
      propertyPath: m_StaticEditorFlags
      value: 4294967295
      objectReference: {fileID: 0}
    - target: {fileID: 100012, guid: 41e7617bf13ab9c4686506468668021e, type: 3}
      propertyPath: m_StaticEditorFlags
      value: 4294967295
      objectReference: {fileID: 0}
    - target: {fileID: 100008, guid: 41e7617bf13ab9c4686506468668021e, type: 3}
      propertyPath: m_StaticEditorFlags
      value: 4294967295
      objectReference: {fileID: 0}
    - target: {fileID: 100010, guid: 41e7617bf13ab9c4686506468668021e, type: 3}
      propertyPath: m_StaticEditorFlags
      value: 4294967295
      objectReference: {fileID: 0}
    - target: {fileID: 100046, guid: 41e7617bf13ab9c4686506468668021e, type: 3}
      propertyPath: m_StaticEditorFlags
      value: 4294967295
      objectReference: {fileID: 0}
    - target: {fileID: 100024, guid: 41e7617bf13ab9c4686506468668021e, type: 3}
      propertyPath: m_StaticEditorFlags
      value: 4294967295
      objectReference: {fileID: 0}
    - target: {fileID: 100018, guid: 41e7617bf13ab9c4686506468668021e, type: 3}
      propertyPath: m_StaticEditorFlags
      value: 4294967295
      objectReference: {fileID: 0}
    - target: {fileID: 100014, guid: 41e7617bf13ab9c4686506468668021e, type: 3}
      propertyPath: m_StaticEditorFlags
      value: 4294967295
      objectReference: {fileID: 0}
    - target: {fileID: 100000, guid: 41e7617bf13ab9c4686506468668021e, type: 3}
      propertyPath: m_StaticEditorFlags
      value: 4294967295
      objectReference: {fileID: 0}
    - target: {fileID: 100004, guid: 41e7617bf13ab9c4686506468668021e, type: 3}
      propertyPath: m_StaticEditorFlags
      value: 4294967295
      objectReference: {fileID: 0}
    - target: {fileID: 100022, guid: 41e7617bf13ab9c4686506468668021e, type: 3}
      propertyPath: m_StaticEditorFlags
      value: 4294967295
      objectReference: {fileID: 0}
    - target: {fileID: 100068, guid: 41e7617bf13ab9c4686506468668021e, type: 3}
      propertyPath: m_StaticEditorFlags
      value: 4294967295
      objectReference: {fileID: 0}
    - target: {fileID: 100062, guid: 41e7617bf13ab9c4686506468668021e, type: 3}
      propertyPath: m_IsActive
      value: 1
      objectReference: {fileID: 0}
    m_RemovedComponents:
    - {fileID: 11400000, guid: 41e7617bf13ab9c4686506468668021e, type: 3}
  m_SourcePrefab: {fileID: 100100000, guid: 41e7617bf13ab9c4686506468668021e, type: 3}
--- !u!1 &624593676 stripped
GameObject:
  m_CorrespondingSourceObject: {fileID: 100046, guid: 41e7617bf13ab9c4686506468668021e,
    type: 3}
  m_PrefabInstance: {fileID: 624593675}
  m_PrefabAsset: {fileID: 0}
--- !u!114 &624593677
MonoBehaviour:
  m_ObjectHideFlags: 0
  m_CorrespondingSourceObject: {fileID: 0}
  m_PrefabInstance: {fileID: 0}
  m_PrefabAsset: {fileID: 0}
  m_GameObject: {fileID: 624593676}
  m_Enabled: 1
  m_EditorHideFlags: 0
  m_Script: {fileID: 11500000, guid: 8ba90bee27bb21c438dbf8d671d3e5f1, type: 3}
  m_Name: 
  m_EditorClassIdentifier: 
  flipYAxis: 0
  m_DisablePixelLights: 1
  m_TextureSize: 512
  m_ClipPlaneOffset: 0.07
  m_ReflectLayers:
    serializedVersion: 2
    m_Bits: 4294967295
--- !u!4 &1184826051 stripped
Transform:
  m_CorrespondingSourceObject: {fileID: 400058, guid: 41e7617bf13ab9c4686506468668021e,
    type: 3}
  m_PrefabInstance: {fileID: 624593675}
  m_PrefabAsset: {fileID: 0}
--- !u!1 &1759057960 stripped
GameObject:
  m_CorrespondingSourceObject: {fileID: 100072, guid: 40b8391951da94f4cbeb92b71fb93a78,
    type: 3}
  m_PrefabInstance: {fileID: 1871933401}
  m_PrefabAsset: {fileID: 0}
--- !u!4 &1759057961 stripped
Transform:
  m_CorrespondingSourceObject: {fileID: 400072, guid: 40b8391951da94f4cbeb92b71fb93a78,
    type: 3}
  m_PrefabInstance: {fileID: 1871933401}
  m_PrefabAsset: {fileID: 0}
--- !u!1001 &1871933401
PrefabInstance:
  m_ObjectHideFlags: 0
  serializedVersion: 2
  m_Modification:
    m_TransformParent: {fileID: 188042240}
    m_Modifications:
    - target: {fileID: 400072, guid: 40b8391951da94f4cbeb92b71fb93a78, type: 3}
      propertyPath: m_LocalPosition.x
      value: 0
      objectReference: {fileID: 0}
    - target: {fileID: 400072, guid: 40b8391951da94f4cbeb92b71fb93a78, type: 3}
      propertyPath: m_LocalPosition.y
      value: 0
      objectReference: {fileID: 0}
    - target: {fileID: 400072, guid: 40b8391951da94f4cbeb92b71fb93a78, type: 3}
      propertyPath: m_LocalPosition.z
      value: 0
      objectReference: {fileID: 0}
    - target: {fileID: 400072, guid: 40b8391951da94f4cbeb92b71fb93a78, type: 3}
      propertyPath: m_LocalRotation.x
      value: 0
      objectReference: {fileID: 0}
    - target: {fileID: 400072, guid: 40b8391951da94f4cbeb92b71fb93a78, type: 3}
      propertyPath: m_LocalRotation.y
      value: 0
      objectReference: {fileID: 0}
    - target: {fileID: 400072, guid: 40b8391951da94f4cbeb92b71fb93a78, type: 3}
      propertyPath: m_LocalRotation.z
      value: 0
      objectReference: {fileID: 0}
    - target: {fileID: 400072, guid: 40b8391951da94f4cbeb92b71fb93a78, type: 3}
      propertyPath: m_LocalRotation.w
      value: 1
      objectReference: {fileID: 0}
    - target: {fileID: 400072, guid: 40b8391951da94f4cbeb92b71fb93a78, type: 3}
      propertyPath: m_RootOrder
      value: 1
      objectReference: {fileID: 0}
    m_RemovedComponents: []
  m_SourcePrefab: {fileID: 100100000, guid: 40b8391951da94f4cbeb92b71fb93a78, type: 3}
