%YAML 1.1
%TAG !u! tag:unity3d.com,2011:
--- !u!1 &100000
GameObject:
  m_ObjectHideFlags: 0
  m_CorrespondingSourceObject: {fileID: 0}
  m_PrefabInternal: {fileID: 100100000}
  serializedVersion: 6
  m_Component:
  - component: {fileID: 400000}
  - component: {fileID: 11400000}
  m_Layer: 0
  m_Name: icon2
  m_TagString: Untagged
  m_Icon: {fileID: 0}
  m_NavMeshLayer: 0
  m_StaticEditorFlags: 0
  m_IsActive: 1
--- !u!1 &100012
GameObject:
  m_ObjectHideFlags: 0
  m_CorrespondingSourceObject: {fileID: 0}
  m_PrefabInternal: {fileID: 100100000}
  serializedVersion: 6
  m_Component:
  - component: {fileID: 400012}
  - component: {fileID: 11400014}
  - component: {fileID: 6500000}
  - component: {fileID: 11400012}
  m_Layer: 0
  m_Name: arena_reward_item
  m_TagString: Untagged
  m_Icon: {fileID: 0}
  m_NavMeshLayer: 0
  m_StaticEditorFlags: 0
  m_IsActive: 1
--- !u!1 &100020
GameObject:
  m_ObjectHideFlags: 0
  m_CorrespondingSourceObject: {fileID: 0}
  m_PrefabInternal: {fileID: 100100000}
  serializedVersion: 6
  m_Component:
  - component: {fileID: 400020}
  - component: {fileID: 11400028}
  m_Layer: 0
  m_Name: name
  m_TagString: Untagged
  m_Icon: {fileID: 0}
  m_NavMeshLayer: 0
  m_StaticEditorFlags: 0
  m_IsActive: 1
--- !u!1 &137184
GameObject:
  m_ObjectHideFlags: 0
  m_CorrespondingSourceObject: {fileID: 0}
  m_PrefabInternal: {fileID: 100100000}
  serializedVersion: 6
  m_Component:
  - component: {fileID: 437184}
  - component: {fileID: 11437184}
  m_Layer: 0
  m_Name: icon1
  m_TagString: Untagged
  m_Icon: {fileID: 0}
  m_NavMeshLayer: 0
  m_StaticEditorFlags: 0
  m_IsActive: 1
--- !u!1 &137186
GameObject:
  m_ObjectHideFlags: 0
  m_CorrespondingSourceObject: {fileID: 0}
  m_PrefabInternal: {fileID: 100100000}
  serializedVersion: 6
  m_Component:
  - component: {fileID: 437186}
  - component: {fileID: 11437186}
  m_Layer: 0
  m_Name: icon
  m_TagString: Untagged
  m_Icon: {fileID: 0}
  m_NavMeshLayer: 0
  m_StaticEditorFlags: 0
  m_IsActive: 0
--- !u!4 &400000
Transform:
  m_ObjectHideFlags: 1
  m_CorrespondingSourceObject: {fileID: 0}
  m_PrefabInternal: {fileID: 100100000}
  m_GameObject: {fileID: 100000}
  m_LocalRotation: {x: 0, y: 0, z: 0, w: 1}
  m_LocalPosition: {x: 162, y: 2, z: 0}
  m_LocalScale: {x: 1, y: 1, z: 1}
  m_Children: []
  m_Father: {fileID: 400012}
  m_RootOrder: 3
  m_LocalEulerAnglesHint: {x: 0, y: 0, z: 0}
--- !u!4 &400012
Transform:
  m_ObjectHideFlags: 1
  m_CorrespondingSourceObject: {fileID: 0}
  m_PrefabInternal: {fileID: 100100000}
  m_GameObject: {fileID: 100012}
  m_LocalRotation: {x: 0, y: 0, z: 0, w: 1}
  m_LocalPosition: {x: -130, y: 68, z: 0}
  m_LocalScale: {x: 1, y: 1, z: 1}
  m_Children:
  - {fileID: 400020}
  - {fileID: 437186}
  - {fileID: 437184}
  - {fileID: 400000}
  m_Father: {fileID: 0}
  m_RootOrder: 0
  m_LocalEulerAnglesHint: {x: 0, y: 0, z: 0}
--- !u!4 &400020
Transform:
  m_ObjectHideFlags: 1
  m_CorrespondingSourceObject: {fileID: 0}
  m_PrefabInternal: {fileID: 100100000}
  m_GameObject: {fileID: 100020}
  m_LocalRotation: {x: 0, y: 0, z: 0, w: 1}
  m_LocalPosition: {x: -205, y: 0, z: 0}
  m_LocalScale: {x: 1, y: 1, z: 1}
  m_Children: []
  m_Father: {fileID: 400012}
  m_RootOrder: 0
  m_LocalEulerAnglesHint: {x: 0, y: 0, z: 0}
--- !u!4 &437184
Transform:
  m_ObjectHideFlags: 1
  m_CorrespondingSourceObject: {fileID: 0}
  m_PrefabInternal: {fileID: 100100000}
  m_GameObject: {fileID: 137184}
  m_LocalRotation: {x: 0, y: 0, z: 0, w: 1}
  m_LocalPosition: {x: 45, y: 2, z: 0}
  m_LocalScale: {x: 1, y: 1, z: 1}
  m_Children: []
  m_Father: {fileID: 400012}
  m_RootOrder: 2
  m_LocalEulerAnglesHint: {x: 0, y: 0, z: 0}
--- !u!4 &437186
Transform:
  m_ObjectHideFlags: 1
  m_CorrespondingSourceObject: {fileID: 0}
  m_PrefabInternal: {fileID: 100100000}
  m_GameObject: {fileID: 137186}
  m_LocalRotation: {x: 0, y: 0, z: 0, w: 1}
  m_LocalPosition: {x: -187, y: -1, z: 0}
  m_LocalScale: {x: 1, y: 1, z: 1}
  m_Children: []
  m_Father: {fileID: 400012}
  m_RootOrder: 1
  m_LocalEulerAnglesHint: {x: 0, y: 0, z: 0}
--- !u!65 &6500000
BoxCollider:
  m_ObjectHideFlags: 1
  m_CorrespondingSourceObject: {fileID: 0}
  m_PrefabInternal: {fileID: 100100000}
  m_GameObject: {fileID: 100012}
  m_Material: {fileID: 0}
  m_IsTrigger: 1
  m_Enabled: 1
  serializedVersion: 2
  m_Size: {x: 462, y: 119, z: 0}
  m_Center: {x: 0, y: 0, z: 0}
--- !u!114 &11400000
MonoBehaviour:
  m_ObjectHideFlags: 1
  m_CorrespondingSourceObject: {fileID: 0}
  m_PrefabInternal: {fileID: 100100000}
  m_GameObject: {fileID: 100000}
  m_Enabled: 1
  m_EditorHideFlags: 0
  m_Script: {fileID: 11500000, guid: 1b3dc54f924693f41b5cbecb267e647a, type: 3}
  m_Name: 
  m_EditorClassIdentifier: 
  leftAnchor:
    target: {fileID: 0}
    relative: 0
    absolute: 0
  rightAnchor:
    target: {fileID: 0}
    relative: 1
    absolute: 0
  bottomAnchor:
    target: {fileID: 0}
    relative: 0
    absolute: 0
  topAnchor:
    target: {fileID: 0}
    relative: 1
    absolute: 0
  updateAnchors: 1
  mColor: {r: 1, g: 1, b: 1, a: 1}
  mPivot: 4
  mWidth: 88
  mHeight: 88
  mDepth: 6
  autoResizeBoxCollider: 0
  hideIfOffScreen: 0
  keepAspectRatio: 0
  aspectRatio: 1
  mType: 0
  mFillDirection: 4
  mFillAmount: 1
  mInvert: 0
  mFlip: 0
  centerType: 1
  leftType: 1
  rightType: 1
  bottomType: 1
  topType: 1
  mAtlas: {fileID: 11400000, guid: abad7ecb09fd2eb4b8036f030bc17d4d, type: 2}
  mSpriteName: dj_frame
  mFillCenter: 1
--- !u!114 &11400012
MonoBehaviour:
  m_ObjectHideFlags: 1
  m_CorrespondingSourceObject: {fileID: 0}
  m_PrefabInternal: {fileID: 100100000}
  m_GameObject: {fileID: 100012}
  m_Enabled: 1
  m_EditorHideFlags: 0
  m_Script: {fileID: 11500000, guid: f02842fa4878db54f9587ff4de7d9f2d, type: 3}
  m_Name: 
  m_EditorClassIdentifier: 
  scrollView: {fileID: 0}
  draggablePanel: {fileID: 0}
--- !u!114 &11400014
MonoBehaviour:
  m_ObjectHideFlags: 1
  m_CorrespondingSourceObject: {fileID: 0}
  m_PrefabInternal: {fileID: 100100000}
  m_GameObject: {fileID: 100012}
  m_Enabled: 1
  m_EditorHideFlags: 0
  m_Script: {fileID: 11500000, guid: 1b3dc54f924693f41b5cbecb267e647a, type: 3}
  m_Name: 
  m_EditorClassIdentifier: 
  leftAnchor:
    target: {fileID: 0}
    relative: 0
    absolute: 0
  rightAnchor:
    target: {fileID: 0}
    relative: 1
    absolute: 0
  bottomAnchor:
    target: {fileID: 0}
    relative: 0
    absolute: 0
  topAnchor:
    target: {fileID: 0}
    relative: 1
    absolute: 0
  updateAnchors: 1
  mColor: {r: 1, g: 1, b: 1, a: 1}
  mPivot: 4
  mWidth: 462
  mHeight: 119
  mDepth: 4
  autoResizeBoxCollider: 1
  hideIfOffScreen: 0
  keepAspectRatio: 0
  aspectRatio: 3.8823528
  mType: 1
  mFillDirection: 4
  mFillAmount: 1
  mInvert: 0
  mFlip: 0
  centerType: 1
  leftType: 1
  rightType: 1
  bottomType: 1
  topType: 1
  mAtlas: {fileID: 11400000, guid: 3e474fc06a2cf9b478ee7eb44f151d46, type: 2}
  mSpriteName: jjc_ybxdb001
  mFillCenter: 1
--- !u!114 &11400028
MonoBehaviour:
  m_ObjectHideFlags: 1
  m_CorrespondingSourceObject: {fileID: 0}
  m_PrefabInternal: {fileID: 100100000}
  m_GameObject: {fileID: 100020}
  m_Enabled: 1
  m_EditorHideFlags: 0
  m_Script: {fileID: 11500000, guid: e9d0b5f3bbe925a408bd595c79d0bf63, type: 3}
  m_Name: 
  m_EditorClassIdentifier: 
  leftAnchor:
    target: {fileID: 0}
    relative: 0
    absolute: 0
  rightAnchor:
    target: {fileID: 0}
    relative: 1
    absolute: 0
  bottomAnchor:
    target: {fileID: 0}
    relative: 0
    absolute: 0
  topAnchor:
    target: {fileID: 0}
    relative: 1
    absolute: 0
  updateAnchors: 1
  mColor: {r: 0.039215688, g: 0.9647059, b: 1, a: 1}
  mPivot: 3
  mWidth: 46
  mHeight: 18
  mDepth: 8
  autoResizeBoxCollider: 0
  hideIfOffScreen: 0
  keepAspectRatio: 0
  aspectRatio: 2.5555556
  keepCrispWhenShrunk: 1
  mTrueTypeFont: {fileID: 12800000, guid: 3808af36fe5301741a140795837edfa0, type: 3}
  mFont: {fileID: 0}
  mText: '...'
  mFontSize: 18
  mFontStyle: 0
  mAlignment: 0
  mEncoding: 1
  mMaxLineCount: 0
  mEffectStyle: 0
  mEffectColor: {r: 0, g: 0, b: 0, a: 1}
  mSymbols: 1
  mEffectDistance: {x: 1, y: 1}
  mOverflow: 2
  mMaterial: {fileID: 0}
  mApplyGradient: 0
  mGradientTop: {r: 1, g: 1, b: 1, a: 1}
  mGradientBottom: {r: 0.7, g: 0.7, b: 0.7, a: 1}
  mSpacingX: 0
  mSpacingY: 0
  mUseFloatSpacing: 0
  mFloatSpacingX: 0
  mFloatSpacingY: 0
  mId: 
  mShrinkToFit: 0
  mMaxLineWidth: 0
  mMaxLineHeight: 0
  mLineWidth: 0
  mMultiline: 1
  mLanguage: 0
  mConfusion: 0
--- !u!114 &11437184
MonoBehaviour:
  m_ObjectHideFlags: 1
  m_CorrespondingSourceObject: {fileID: 0}
  m_PrefabInternal: {fileID: 100100000}
  m_GameObject: {fileID: 137184}
  m_Enabled: 1
  m_EditorHideFlags: 0
  m_Script: {fileID: 11500000, guid: 1b3dc54f924693f41b5cbecb267e647a, type: 3}
  m_Name: 
  m_EditorClassIdentifier: 
  leftAnchor:
    target: {fileID: 0}
    relative: 0
    absolute: 0
  rightAnchor:
    target: {fileID: 0}
    relative: 1
    absolute: 0
  bottomAnchor:
    target: {fileID: 0}
    relative: 0
    absolute: 0
  topAnchor:
    target: {fileID: 0}
    relative: 1
    absolute: 0
  updateAnchors: 1
  mColor: {r: 1, g: 1, b: 1, a: 1}
  mPivot: 4
  mWidth: 88
  mHeight: 88
  mDepth: 6
  autoResizeBoxCollider: 0
  hideIfOffScreen: 0
  keepAspectRatio: 0
  aspectRatio: 1
  mType: 0
  mFillDirection: 4
  mFillAmount: 1
  mInvert: 0
  mFlip: 0
  centerType: 1
  leftType: 1
  rightType: 1
  bottomType: 1
  topType: 1
  mAtlas: {fileID: 11400000, guid: abad7ecb09fd2eb4b8036f030bc17d4d, type: 2}
  mSpriteName: dj_frame
  mFillCenter: 1
--- !u!114 &11437186
MonoBehaviour:
  m_ObjectHideFlags: 1
  m_CorrespondingSourceObject: {fileID: 0}
  m_PrefabInternal: {fileID: 100100000}
  m_GameObject: {fileID: 137186}
  m_Enabled: 1
  m_EditorHideFlags: 0
  m_Script: {fileID: 11500000, guid: 1b3dc54f924693f41b5cbecb267e647a, type: 3}
  m_Name: 
  m_EditorClassIdentifier: 
  leftAnchor:
    target: {fileID: 0}
    relative: 0
    absolute: 0
  rightAnchor:
    target: {fileID: 0}
    relative: 1
    absolute: 0
  bottomAnchor:
    target: {fileID: 0}
    relative: 0
    absolute: 0
  topAnchor:
    target: {fileID: 0}
    relative: 1
    absolute: 0
  updateAnchors: 1
  mColor: {r: 1, g: 1, b: 1, a: 1}
  mPivot: 4
  mWidth: 46
  mHeight: 40
  mDepth: 6
  autoResizeBoxCollider: 0
  hideIfOffScreen: 0
  keepAspectRatio: 0
  aspectRatio: 1.15
  mType: 0
  mFillDirection: 4
  mFillAmount: 1
  mInvert: 0
  mFlip: 0
  centerType: 1
  leftType: 1
  rightType: 1
  bottomType: 1
  topType: 1
  mAtlas: {fileID: 11400000, guid: 9434607a8e72e9f4d8ac178041579e69, type: 2}
  mSpriteName: crow_xx01
  mFillCenter: 1
--- !u!1001 &100100000
Prefab:
  m_ObjectHideFlags: 1
  serializedVersion: 2
  m_Modification:
    m_TransformParent: {fileID: 0}
    m_Modifications: []
    m_RemovedComponents: []
  m_SourcePrefab: {fileID: 0}
  m_RootGameObject: {fileID: 100012}
  m_IsPrefabAsset: 1
