%YAML 1.1
%TAG !u! tag:unity3d.com,2011:
--- !u!1 &100000
GameObject:
  m_ObjectHideFlags: 0
  m_CorrespondingSourceObject: {fileID: 0}
  m_PrefabInternal: {fileID: 100100000}
  serializedVersion: 6
  m_Component:
  - component: {fileID: 400000}
  - component: {fileID: 11400000}
  m_Layer: 0
  m_Name: sender
  m_TagString: Untagged
  m_Icon: {fileID: 0}
  m_NavMeshLayer: 0
  m_StaticEditorFlags: 0
  m_IsActive: 1
--- !u!1 &100002
GameObject:
  m_ObjectHideFlags: 0
  m_CorrespondingSourceObject: {fileID: 0}
  m_PrefabInternal: {fileID: 100100000}
  serializedVersion: 6
  m_Component:
  - component: {fileID: 400002}
  - component: {fileID: 11400002}
  m_Layer: 0
  m_Name: time
  m_TagString: Untagged
  m_Icon: {fileID: 0}
  m_NavMeshLayer: 0
  m_StaticEditorFlags: 0
  m_IsActive: 1
--- !u!1 &100006
GameObject:
  m_ObjectHideFlags: 0
  m_CorrespondingSourceObject: {fileID: 0}
  m_PrefabInternal: {fileID: 100100000}
  serializedVersion: 6
  m_Component:
  - component: {fileID: 400006}
  - component: {fileID: 11400006}
  m_Layer: 0
  m_Name: name
  m_TagString: Untagged
  m_Icon: {fileID: 0}
  m_NavMeshLayer: 0
  m_StaticEditorFlags: 0
  m_IsActive: 1
--- !u!1 &100008
GameObject:
  m_ObjectHideFlags: 0
  m_CorrespondingSourceObject: {fileID: 0}
  m_PrefabInternal: {fileID: 100100000}
  serializedVersion: 6
  m_Component:
  - component: {fileID: 400008}
  - component: {fileID: 11400008}
  m_Layer: 0
  m_Name: icon
  m_TagString: Untagged
  m_Icon: {fileID: 0}
  m_NavMeshLayer: 0
  m_StaticEditorFlags: 0
  m_IsActive: 1
--- !u!1 &100010
GameObject:
  m_ObjectHideFlags: 0
  m_CorrespondingSourceObject: {fileID: 0}
  m_PrefabInternal: {fileID: 100100000}
  serializedVersion: 6
  m_Component:
  - component: {fileID: 400012}
  - component: {fileID: 11400012}
  m_Layer: 0
  m_Name: zd_yj
  m_TagString: Untagged
  m_Icon: {fileID: 0}
  m_NavMeshLayer: 0
  m_StaticEditorFlags: 0
  m_IsActive: 1
--- !u!1 &100012
GameObject:
  m_ObjectHideFlags: 1
  m_CorrespondingSourceObject: {fileID: 0}
  m_PrefabInternal: {fileID: 100100000}
  serializedVersion: 6
  m_Component:
  - component: {fileID: 400010}
  - component: {fileID: 11400010}
  m_Layer: 0
  m_Name: Sprite1
  m_TagString: Untagged
  m_Icon: {fileID: 0}
  m_NavMeshLayer: 0
  m_StaticEditorFlags: 0
  m_IsActive: 1
--- !u!1 &100014
GameObject:
  m_ObjectHideFlags: 0
  m_CorrespondingSourceObject: {fileID: 0}
  m_PrefabInternal: {fileID: 100100000}
  serializedVersion: 6
  m_Component:
  - component: {fileID: 400014}
  - component: {fileID: 5400000}
  - component: {fileID: 6500000}
  - component: {fileID: 11400018}
  - component: {fileID: 11400016}
  - component: {fileID: 11400014}
  m_Layer: 0
  m_Name: post
  m_TagString: Untagged
  m_Icon: {fileID: 0}
  m_NavMeshLayer: 0
  m_StaticEditorFlags: 0
  m_IsActive: 1
--- !u!1 &100016
GameObject:
  m_ObjectHideFlags: 1
  m_CorrespondingSourceObject: {fileID: 0}
  m_PrefabInternal: {fileID: 100100000}
  serializedVersion: 6
  m_Component:
  - component: {fileID: 400016}
  - component: {fileID: 11400024}
  m_Layer: 0
  m_Name: Sprite
  m_TagString: Untagged
  m_Icon: {fileID: 0}
  m_NavMeshLayer: 0
  m_StaticEditorFlags: 0
  m_IsActive: 1
--- !u!1 &100018
GameObject:
  m_ObjectHideFlags: 1
  m_CorrespondingSourceObject: {fileID: 0}
  m_PrefabInternal: {fileID: 100100000}
  serializedVersion: 6
  m_Component:
  - component: {fileID: 400018}
  - component: {fileID: 11400022}
  m_Layer: 0
  m_Name: 0
  m_TagString: Untagged
  m_Icon: {fileID: 0}
  m_NavMeshLayer: 0
  m_StaticEditorFlags: 0
  m_IsActive: 1
--- !u!1 &100020
GameObject:
  m_ObjectHideFlags: 1
  m_CorrespondingSourceObject: {fileID: 0}
  m_PrefabInternal: {fileID: 100100000}
  serializedVersion: 6
  m_Component:
  - component: {fileID: 400020}
  - component: {fileID: 11400026}
  - component: {fileID: 11400020}
  m_Layer: 0
  m_Name: Sprite
  m_TagString: Untagged
  m_Icon: {fileID: 0}
  m_NavMeshLayer: 0
  m_StaticEditorFlags: 0
  m_IsActive: 1
--- !u!1 &100022
GameObject:
  m_ObjectHideFlags: 0
  m_CorrespondingSourceObject: {fileID: 0}
  m_PrefabInternal: {fileID: 100100000}
  serializedVersion: 6
  m_Component:
  - component: {fileID: 400022}
  - component: {fileID: 11400028}
  m_Layer: 0
  m_Name: pt_yj
  m_TagString: Untagged
  m_Icon: {fileID: 0}
  m_NavMeshLayer: 0
  m_StaticEditorFlags: 0
  m_IsActive: 0
--- !u!1 &100024
GameObject:
  m_ObjectHideFlags: 1
  m_CorrespondingSourceObject: {fileID: 0}
  m_PrefabInternal: {fileID: 100100000}
  serializedVersion: 6
  m_Component:
  - component: {fileID: 400024}
  - component: {fileID: 11400030}
  m_Layer: 0
  m_Name: Sprite
  m_TagString: Untagged
  m_Icon: {fileID: 0}
  m_NavMeshLayer: 0
  m_StaticEditorFlags: 0
  m_IsActive: 1
--- !u!1 &171804
GameObject:
  m_ObjectHideFlags: 1
  m_CorrespondingSourceObject: {fileID: 0}
  m_PrefabInternal: {fileID: 100100000}
  serializedVersion: 6
  m_Component:
  - component: {fileID: 471804}
  - component: {fileID: 11471800}
  - component: {fileID: 6571804}
  - component: {fileID: 11471802}
  - component: {fileID: 11471804}
  m_Layer: 0
  m_Name: delete
  m_TagString: Untagged
  m_Icon: {fileID: 0}
  m_NavMeshLayer: 0
  m_StaticEditorFlags: 0
  m_IsActive: 1
--- !u!4 &400000
Transform:
  m_ObjectHideFlags: 1
  m_CorrespondingSourceObject: {fileID: 0}
  m_PrefabInternal: {fileID: 100100000}
  m_GameObject: {fileID: 100000}
  m_LocalRotation: {x: 0, y: 0, z: 0, w: 1}
  m_LocalPosition: {x: 405, y: -44, z: 0}
  m_LocalScale: {x: 1, y: 1, z: 1}
  m_Children: []
  m_Father: {fileID: 400014}
  m_RootOrder: 4
  m_LocalEulerAnglesHint: {x: 0, y: 0, z: 0}
--- !u!4 &400002
Transform:
  m_ObjectHideFlags: 1
  m_CorrespondingSourceObject: {fileID: 0}
  m_PrefabInternal: {fileID: 100100000}
  m_GameObject: {fileID: 100002}
  m_LocalRotation: {x: 0, y: 0, z: 0, w: 1}
  m_LocalPosition: {x: 255.1, y: 21.2, z: 0}
  m_LocalScale: {x: 1, y: 1, z: 1}
  m_Children: []
  m_Father: {fileID: 400014}
  m_RootOrder: 3
  m_LocalEulerAnglesHint: {x: 0, y: 0, z: 0}
--- !u!4 &400006
Transform:
  m_ObjectHideFlags: 1
  m_CorrespondingSourceObject: {fileID: 0}
  m_PrefabInternal: {fileID: 100100000}
  m_GameObject: {fileID: 100006}
  m_LocalRotation: {x: 0, y: 0, z: 0, w: 1}
  m_LocalPosition: {x: -303.52, y: -10, z: 0}
  m_LocalScale: {x: 1, y: 1, z: 1}
  m_Children: []
  m_Father: {fileID: 400014}
  m_RootOrder: 2
  m_LocalEulerAnglesHint: {x: 0, y: 0, z: 0}
--- !u!4 &400008
Transform:
  m_ObjectHideFlags: 1
  m_CorrespondingSourceObject: {fileID: 0}
  m_PrefabInternal: {fileID: 100100000}
  m_GameObject: {fileID: 100008}
  m_LocalRotation: {x: 0, y: 0, z: 0, w: 1}
  m_LocalPosition: {x: -352.5, y: -3.4, z: 0}
  m_LocalScale: {x: 1, y: 1, z: 1}
  m_Children:
  - {fileID: 400018}
  m_Father: {fileID: 400014}
  m_RootOrder: 1
  m_LocalEulerAnglesHint: {x: 0, y: 0, z: 0}
--- !u!4 &400010
Transform:
  m_ObjectHideFlags: 1
  m_CorrespondingSourceObject: {fileID: 0}
  m_PrefabInternal: {fileID: 100100000}
  m_GameObject: {fileID: 100012}
  m_LocalRotation: {x: 0, y: 0, z: 0, w: 1}
  m_LocalPosition: {x: -313, y: -11, z: 0}
  m_LocalScale: {x: 1, y: 1, z: 1}
  m_Children: []
  m_Father: {fileID: 400012}
  m_RootOrder: 1
  m_LocalEulerAnglesHint: {x: 0, y: 0, z: 0}
--- !u!4 &400012
Transform:
  m_ObjectHideFlags: 1
  m_CorrespondingSourceObject: {fileID: 0}
  m_PrefabInternal: {fileID: 100100000}
  m_GameObject: {fileID: 100010}
  m_LocalRotation: {x: 0, y: 0, z: 0, w: 1}
  m_LocalPosition: {x: 0, y: 0, z: 0}
  m_LocalScale: {x: 1, y: 1, z: 1}
  m_Children:
  - {fileID: 400020}
  - {fileID: 400010}
  m_Father: {fileID: 400014}
  m_RootOrder: 5
  m_LocalEulerAnglesHint: {x: 0, y: 0, z: 0}
--- !u!4 &400014
Transform:
  m_ObjectHideFlags: 1
  m_CorrespondingSourceObject: {fileID: 0}
  m_PrefabInternal: {fileID: 100100000}
  m_GameObject: {fileID: 100014}
  m_LocalRotation: {x: 0, y: 0, z: 0, w: 1}
  m_LocalPosition: {x: 0, y: 0, z: 0}
  m_LocalScale: {x: 1, y: 1, z: 1}
  m_Children:
  - {fileID: 400022}
  - {fileID: 400008}
  - {fileID: 400006}
  - {fileID: 400002}
  - {fileID: 400000}
  - {fileID: 400012}
  m_Father: {fileID: 0}
  m_RootOrder: 0
  m_LocalEulerAnglesHint: {x: 0, y: 0, z: 0}
--- !u!4 &400016
Transform:
  m_ObjectHideFlags: 1
  m_CorrespondingSourceObject: {fileID: 0}
  m_PrefabInternal: {fileID: 100100000}
  m_GameObject: {fileID: 100016}
  m_LocalRotation: {x: 0, y: 0, z: 0, w: 1}
  m_LocalPosition: {x: 0, y: 0, z: 0}
  m_LocalScale: {x: 1, y: 1, z: 1}
  m_Children: []
  m_Father: {fileID: 400020}
  m_RootOrder: 0
  m_LocalEulerAnglesHint: {x: 0, y: 0, z: 0}
--- !u!4 &400018
Transform:
  m_ObjectHideFlags: 1
  m_CorrespondingSourceObject: {fileID: 0}
  m_PrefabInternal: {fileID: 100100000}
  m_GameObject: {fileID: 100018}
  m_LocalRotation: {x: 0, y: 0, z: 0, w: 1}
  m_LocalPosition: {x: 0, y: 0, z: 0}
  m_LocalScale: {x: 1, y: 1, z: 1}
  m_Children: []
  m_Father: {fileID: 400008}
  m_RootOrder: 0
  m_LocalEulerAnglesHint: {x: 0, y: 0, z: 0}
--- !u!4 &400020
Transform:
  m_ObjectHideFlags: 1
  m_CorrespondingSourceObject: {fileID: 0}
  m_PrefabInternal: {fileID: 100100000}
  m_GameObject: {fileID: 100020}
  m_LocalRotation: {x: 0, y: 0, z: 0, w: 1}
  m_LocalPosition: {x: 343.7, y: 50.95, z: 0}
  m_LocalScale: {x: 1, y: 1, z: 1}
  m_Children:
  - {fileID: 400016}
  m_Father: {fileID: 400012}
  m_RootOrder: 0
  m_LocalEulerAnglesHint: {x: 0, y: 0, z: 0}
--- !u!4 &400022
Transform:
  m_ObjectHideFlags: 1
  m_CorrespondingSourceObject: {fileID: 0}
  m_PrefabInternal: {fileID: 100100000}
  m_GameObject: {fileID: 100022}
  m_LocalRotation: {x: 0, y: 0, z: 0, w: 1}
  m_LocalPosition: {x: 0, y: 0, z: 0}
  m_LocalScale: {x: 1, y: 1, z: 1}
  m_Children:
  - {fileID: 400024}
  - {fileID: 471804}
  m_Father: {fileID: 400014}
  m_RootOrder: 0
  m_LocalEulerAnglesHint: {x: 0, y: 0, z: 0}
--- !u!4 &400024
Transform:
  m_ObjectHideFlags: 1
  m_CorrespondingSourceObject: {fileID: 0}
  m_PrefabInternal: {fileID: 100100000}
  m_GameObject: {fileID: 100024}
  m_LocalRotation: {x: 0, y: 0, z: 0, w: 1}
  m_LocalPosition: {x: -311, y: -9, z: 0}
  m_LocalScale: {x: 1, y: 1, z: 1}
  m_Children: []
  m_Father: {fileID: 400022}
  m_RootOrder: 0
  m_LocalEulerAnglesHint: {x: 0, y: 0, z: 0}
--- !u!4 &471804
Transform:
  m_ObjectHideFlags: 1
  m_CorrespondingSourceObject: {fileID: 0}
  m_PrefabInternal: {fileID: 100100000}
  m_GameObject: {fileID: 171804}
  m_LocalRotation: {x: 0, y: 0, z: 0, w: 1}
  m_LocalPosition: {x: 385, y: 51, z: 0}
  m_LocalScale: {x: 1, y: 1, z: 1}
  m_Children: []
  m_Father: {fileID: 400022}
  m_RootOrder: 1
  m_LocalEulerAnglesHint: {x: 0, y: 0, z: 0}
--- !u!54 &5400000
Rigidbody:
  m_ObjectHideFlags: 1
  m_CorrespondingSourceObject: {fileID: 0}
  m_PrefabInternal: {fileID: 100100000}
  m_GameObject: {fileID: 100014}
  serializedVersion: 2
  m_Mass: 1
  m_Drag: 0
  m_AngularDrag: 0.05
  m_UseGravity: 0
  m_IsKinematic: 1
  m_Interpolate: 0
  m_Constraints: 0
  m_CollisionDetection: 0
--- !u!65 &6500000
BoxCollider:
  m_ObjectHideFlags: 1
  m_CorrespondingSourceObject: {fileID: 0}
  m_PrefabInternal: {fileID: 100100000}
  m_GameObject: {fileID: 100014}
  m_Material: {fileID: 0}
  m_IsTrigger: 1
  m_Enabled: 1
  serializedVersion: 2
  m_Size: {x: 830, y: 140, z: 0}
  m_Center: {x: 0, y: 0, z: 0}
--- !u!65 &6571804
BoxCollider:
  m_ObjectHideFlags: 1
  m_CorrespondingSourceObject: {fileID: 0}
  m_PrefabInternal: {fileID: 100100000}
  m_GameObject: {fileID: 171804}
  m_Material: {fileID: 0}
  m_IsTrigger: 1
  m_Enabled: 1
  serializedVersion: 2
  m_Size: {x: 49.2, y: 37.8, z: 0}
  m_Center: {x: 0, y: 0, z: 0}
--- !u!114 &11400000
MonoBehaviour:
  m_ObjectHideFlags: 1
  m_CorrespondingSourceObject: {fileID: 0}
  m_PrefabInternal: {fileID: 100100000}
  m_GameObject: {fileID: 100000}
  m_Enabled: 1
  m_EditorHideFlags: 0
  m_Script: {fileID: 11500000, guid: e9d0b5f3bbe925a408bd595c79d0bf63, type: 3}
  m_Name: 
  m_EditorClassIdentifier: 
  leftAnchor:
    target: {fileID: 0}
    relative: 0
    absolute: 0
  rightAnchor:
    target: {fileID: 0}
    relative: 1
    absolute: 0
  bottomAnchor:
    target: {fileID: 0}
    relative: 0
    absolute: 0
  topAnchor:
    target: {fileID: 0}
    relative: 1
    absolute: 0
  updateAnchors: 1
  mColor: {r: 1, g: 1, b: 1, a: 1}
  mPivot: 5
  mWidth: 154
  mHeight: 22
  mDepth: 6
  autoResizeBoxCollider: 0
  hideIfOffScreen: 0
  keepAspectRatio: 0
  aspectRatio: 7
  keepCrispWhenShrunk: 1
  mTrueTypeFont: {fileID: 12800000, guid: 3808af36fe5301741a140795837edfa0, type: 3}
  mFont: {fileID: 0}
  mText: '...'
  mFontSize: 22
  mFontStyle: 0
  mAlignment: 3
  mEncoding: 1
  mMaxLineCount: 0
  mEffectStyle: 0
  mEffectColor: {r: 0, g: 0, b: 0, a: 1}
  mSymbols: 1
  mEffectDistance: {x: 1, y: 1}
  mOverflow: 2
  mMaterial: {fileID: 0}
  mApplyGradient: 0
  mGradientTop: {r: 1, g: 1, b: 1, a: 1}
  mGradientBottom: {r: 0.7, g: 0.7, b: 0.7, a: 1}
  mSpacingX: 0
  mSpacingY: 0
  mUseFloatSpacing: 0
  mFloatSpacingX: 0
  mFloatSpacingY: 0
  mId: 
  mShrinkToFit: 0
  mMaxLineWidth: 0
  mMaxLineHeight: 0
  mLineWidth: 0
  mMultiline: 1
  mLanguage: 0
  mConfusion: 0
--- !u!114 &11400002
MonoBehaviour:
  m_ObjectHideFlags: 1
  m_CorrespondingSourceObject: {fileID: 0}
  m_PrefabInternal: {fileID: 100100000}
  m_GameObject: {fileID: 100002}
  m_Enabled: 1
  m_EditorHideFlags: 0
  m_Script: {fileID: 11500000, guid: e9d0b5f3bbe925a408bd595c79d0bf63, type: 3}
  m_Name: 
  m_EditorClassIdentifier: 
  leftAnchor:
    target: {fileID: 0}
    relative: 0
    absolute: 0
  rightAnchor:
    target: {fileID: 0}
    relative: 1
    absolute: 0
  bottomAnchor:
    target: {fileID: 0}
    relative: 0
    absolute: 0
  topAnchor:
    target: {fileID: 0}
    relative: 1
    absolute: 0
  updateAnchors: 1
  mColor: {r: 1, g: 1, b: 1, a: 1}
  mPivot: 4
  mWidth: 300
  mHeight: 22
  mDepth: 5
  autoResizeBoxCollider: 0
  hideIfOffScreen: 0
  keepAspectRatio: 0
  aspectRatio: 13.636364
  keepCrispWhenShrunk: 1
  mTrueTypeFont: {fileID: 12800000, guid: 3808af36fe5301741a140795837edfa0, type: 3}
  mFont: {fileID: 0}
  mText: '...'
  mFontSize: 22
  mFontStyle: 0
  mAlignment: 3
  mEncoding: 1
  mMaxLineCount: 0
  mEffectStyle: 0
  mEffectColor: {r: 0, g: 0, b: 0, a: 1}
  mSymbols: 1
  mEffectDistance: {x: 1, y: 1}
  mOverflow: 0
  mMaterial: {fileID: 0}
  mApplyGradient: 0
  mGradientTop: {r: 1, g: 1, b: 1, a: 1}
  mGradientBottom: {r: 0.7, g: 0.7, b: 0.7, a: 1}
  mSpacingX: 0
  mSpacingY: 0
  mUseFloatSpacing: 0
  mFloatSpacingX: 0
  mFloatSpacingY: 0
  mId: 
  mShrinkToFit: 0
  mMaxLineWidth: 0
  mMaxLineHeight: 0
  mLineWidth: 0
  mMultiline: 1
  mLanguage: 0
  mConfusion: 0
--- !u!114 &11400006
MonoBehaviour:
  m_ObjectHideFlags: 1
  m_CorrespondingSourceObject: {fileID: 0}
  m_PrefabInternal: {fileID: 100100000}
  m_GameObject: {fileID: 100006}
  m_Enabled: 1
  m_EditorHideFlags: 0
  m_Script: {fileID: 11500000, guid: e9d0b5f3bbe925a408bd595c79d0bf63, type: 3}
  m_Name: 
  m_EditorClassIdentifier: 
  leftAnchor:
    target: {fileID: 0}
    relative: 0
    absolute: 0
  rightAnchor:
    target: {fileID: 0}
    relative: 1
    absolute: 0
  bottomAnchor:
    target: {fileID: 0}
    relative: 0
    absolute: 0
  topAnchor:
    target: {fileID: 0}
    relative: 1
    absolute: 0
  updateAnchors: 1
  mColor: {r: 1, g: 1, b: 1, a: 1}
  mPivot: 3
  mWidth: 576
  mHeight: 24
  mDepth: 3
  autoResizeBoxCollider: 0
  hideIfOffScreen: 0
  keepAspectRatio: 0
  aspectRatio: 24
  keepCrispWhenShrunk: 1
  mTrueTypeFont: {fileID: 12800000, guid: 3808af36fe5301741a140795837edfa0, type: 3}
  mFont: {fileID: 0}
  mText: '...'
  mFontSize: 24
  mFontStyle: 0
  mAlignment: 2
  mEncoding: 1
  mMaxLineCount: 0
  mEffectStyle: 0
  mEffectColor: {r: 0, g: 0, b: 0, a: 1}
  mSymbols: 1
  mEffectDistance: {x: 1, y: 1}
  mOverflow: 2
  mMaterial: {fileID: 0}
  mApplyGradient: 0
  mGradientTop: {r: 1, g: 1, b: 1, a: 1}
  mGradientBottom: {r: 0.7, g: 0.7, b: 0.7, a: 1}
  mSpacingX: 0
  mSpacingY: 0
  mUseFloatSpacing: 0
  mFloatSpacingX: 0
  mFloatSpacingY: 0
  mId: 952
  mShrinkToFit: 0
  mMaxLineWidth: 0
  mMaxLineHeight: 0
  mLineWidth: 0
  mMultiline: 1
  mLanguage: 1
  mConfusion: 0
--- !u!114 &11400008
MonoBehaviour:
  m_ObjectHideFlags: 1
  m_CorrespondingSourceObject: {fileID: 0}
  m_PrefabInternal: {fileID: 100100000}
  m_GameObject: {fileID: 100008}
  m_Enabled: 1
  m_EditorHideFlags: 0
  m_Script: {fileID: 11500000, guid: 1b3dc54f924693f41b5cbecb267e647a, type: 3}
  m_Name: 
  m_EditorClassIdentifier: 
  leftAnchor:
    target: {fileID: 0}
    relative: 0
    absolute: 0
  rightAnchor:
    target: {fileID: 0}
    relative: 1
    absolute: 0
  bottomAnchor:
    target: {fileID: 0}
    relative: 0
    absolute: 0
  topAnchor:
    target: {fileID: 0}
    relative: 1
    absolute: 0
  updateAnchors: 1
  mColor: {r: 1, g: 1, b: 1, a: 1}
  mPivot: 4
  mWidth: 90
  mHeight: 90
  mDepth: 3
  autoResizeBoxCollider: 0
  hideIfOffScreen: 0
  keepAspectRatio: 0
  aspectRatio: 1
  mType: 1
  mFillDirection: 4
  mFillAmount: 1
  mInvert: 0
  mFlip: 0
  centerType: 1
  leftType: 1
  rightType: 1
  bottomType: 1
  topType: 1
  mAtlas: {fileID: 11400000, guid: 2beef740c9db5d14c951c35e96540fd2, type: 2}
  mSpriteName: xtbk_lanpt001
  mFillCenter: 1
--- !u!114 &11400010
MonoBehaviour:
  m_ObjectHideFlags: 1
  m_CorrespondingSourceObject: {fileID: 0}
  m_PrefabInternal: {fileID: 100100000}
  m_GameObject: {fileID: 100012}
  m_Enabled: 1
  m_EditorHideFlags: 0
  m_Script: {fileID: 11500000, guid: 1b3dc54f924693f41b5cbecb267e647a, type: 3}
  m_Name: 
  m_EditorClassIdentifier: 
  leftAnchor:
    target: {fileID: 0}
    relative: 0
    absolute: 0
  rightAnchor:
    target: {fileID: 0}
    relative: 1
    absolute: 0
  bottomAnchor:
    target: {fileID: 0}
    relative: 0
    absolute: 0
  topAnchor:
    target: {fileID: 0}
    relative: 1
    absolute: 0
  updateAnchors: 1
  mColor: {r: 1, g: 1, b: 1, a: 1}
  mPivot: 3
  mWidth: 591
  mHeight: 40
  mDepth: 2
  autoResizeBoxCollider: 0
  hideIfOffScreen: 0
  keepAspectRatio: 0
  aspectRatio: 14.775
  mType: 1
  mFillDirection: 4
  mFillAmount: 1
  mInvert: 0
  mFlip: 0
  centerType: 1
  leftType: 1
  rightType: 1
  bottomType: 1
  topType: 1
  mAtlas: {fileID: 11410420, guid: 3fd0e25b4314cbc4c8318b8e4a271faf, type: 2}
  mSpriteName: yj_zdbtl
  mFillCenter: 1
--- !u!114 &11400012
MonoBehaviour:
  m_ObjectHideFlags: 1
  m_CorrespondingSourceObject: {fileID: 0}
  m_PrefabInternal: {fileID: 100100000}
  m_GameObject: {fileID: 100010}
  m_Enabled: 1
  m_EditorHideFlags: 0
  m_Script: {fileID: 11500000, guid: 1b3dc54f924693f41b5cbecb267e647a, type: 3}
  m_Name: 
  m_EditorClassIdentifier: 
  leftAnchor:
    target: {fileID: 0}
    relative: 0
    absolute: 0
  rightAnchor:
    target: {fileID: 0}
    relative: 1
    absolute: 0
  bottomAnchor:
    target: {fileID: 0}
    relative: 0
    absolute: 0
  topAnchor:
    target: {fileID: 0}
    relative: 1
    absolute: 0
  updateAnchors: 1
  mColor: {r: 1, g: 1, b: 1, a: 1}
  mPivot: 4
  mWidth: 835
  mHeight: 140
  mDepth: 1
  autoResizeBoxCollider: 0
  hideIfOffScreen: 0
  keepAspectRatio: 0
  aspectRatio: 5.964286
  mType: 1
  mFillDirection: 4
  mFillAmount: 1
  mInvert: 0
  mFlip: 0
  centerType: 1
  leftType: 1
  rightType: 1
  bottomType: 1
  topType: 1
  mAtlas: {fileID: 11410420, guid: 3fd0e25b4314cbc4c8318b8e4a271faf, type: 2}
  mSpriteName: yj_zdbeb
  mFillCenter: 1
--- !u!114 &11400014
MonoBehaviour:
  m_ObjectHideFlags: 1
  m_CorrespondingSourceObject: {fileID: 0}
  m_PrefabInternal: {fileID: 100100000}
  m_GameObject: {fileID: 100014}
  m_Enabled: 1
  m_EditorHideFlags: 0
  m_Script: {fileID: 11500000, guid: f02842fa4878db54f9587ff4de7d9f2d, type: 3}
  m_Name: 
  m_EditorClassIdentifier: 
  scrollView: {fileID: 0}
  draggablePanel: {fileID: 0}
--- !u!114 &11400016
MonoBehaviour:
  m_ObjectHideFlags: 1
  m_CorrespondingSourceObject: {fileID: 0}
  m_PrefabInternal: {fileID: 100100000}
  m_GameObject: {fileID: 100014}
  m_Enabled: 1
  m_EditorHideFlags: 0
  m_Script: {fileID: 11500000, guid: e4c4ff40739c7904ca26c14ffbdc4176, type: 3}
  m_Name: 
  m_EditorClassIdentifier: 
  target: {fileID: 0}
  functionName: click
  trigger: 0
  includeChildren: 0
--- !u!114 &11400018
MonoBehaviour:
  m_ObjectHideFlags: 1
  m_CorrespondingSourceObject: {fileID: 0}
  m_PrefabInternal: {fileID: 100100000}
  m_GameObject: {fileID: 100014}
  m_Enabled: 1
  m_EditorHideFlags: 0
  m_Script: {fileID: 11500000, guid: 5ce064f6a5394f7418b9de7a4916ae64, type: 3}
  m_Name: 
  m_EditorClassIdentifier: 
  m_is_zd: 0
  m_zd_index: 0
  m_delete: {fileID: 171804}
  m_icon: {fileID: 100018}
--- !u!114 &11400020
MonoBehaviour:
  m_ObjectHideFlags: 1
  m_CorrespondingSourceObject: {fileID: 0}
  m_PrefabInternal: {fileID: 100100000}
  m_GameObject: {fileID: 100020}
  m_Enabled: 1
  m_EditorHideFlags: 0
  m_Script: {fileID: 11500000, guid: 9e2747e3775af504da1a4d5a46c5a1ce, type: 3}
  m_Name: 
  m_EditorClassIdentifier: 
  method: 0
  style: 2
  animationCurve:
    serializedVersion: 2
    m_Curve:
    - serializedVersion: 3
      time: 0
      value: 0
      inSlope: 0
      outSlope: 1
      tangentMode: 0
      weightedMode: 0
      inWeight: 0.33333334
      outWeight: 0.33333334
    - serializedVersion: 3
      time: 1
      value: 1
      inSlope: 1
      outSlope: 0
      tangentMode: 0
      weightedMode: 0
      inWeight: 0.33333334
      outWeight: 0.33333334
    m_PreInfinity: 2
    m_PostInfinity: 2
    m_RotationOrder: 4
  ignoreTimeScale: 1
  delay: 0
  duration: 0.3
  steeperCurves: 0
  tweenGroup: 0
  onFinished: []
  eventReceiver: {fileID: 0}
  callWhenFinished: 
  from: 1
  to: 0
--- !u!114 &11400022
MonoBehaviour:
  m_ObjectHideFlags: 1
  m_CorrespondingSourceObject: {fileID: 0}
  m_PrefabInternal: {fileID: 100100000}
  m_GameObject: {fileID: 100018}
  m_Enabled: 1
  m_EditorHideFlags: 0
  m_Script: {fileID: 11500000, guid: 1b3dc54f924693f41b5cbecb267e647a, type: 3}
  m_Name: 
  m_EditorClassIdentifier: 
  leftAnchor:
    target: {fileID: 0}
    relative: 0
    absolute: 0
  rightAnchor:
    target: {fileID: 0}
    relative: 1
    absolute: 0
  bottomAnchor:
    target: {fileID: 0}
    relative: 0
    absolute: 0
  topAnchor:
    target: {fileID: 0}
    relative: 1
    absolute: 0
  updateAnchors: 1
  mColor: {r: 1, g: 1, b: 1, a: 1}
  mPivot: 4
  mWidth: 80
  mHeight: 80
  mDepth: 4
  autoResizeBoxCollider: 0
  hideIfOffScreen: 0
  keepAspectRatio: 0
  aspectRatio: 1
  mType: 0
  mFillDirection: 4
  mFillAmount: 1
  mInvert: 0
  mFlip: 0
  centerType: 1
  leftType: 1
  rightType: 1
  bottomType: 1
  topType: 1
  mAtlas: {fileID: 11410420, guid: 3fd0e25b4314cbc4c8318b8e4a271faf, type: 2}
  mSpriteName: xyj_bztb002
  mFillCenter: 1
--- !u!114 &11400024
MonoBehaviour:
  m_ObjectHideFlags: 1
  m_CorrespondingSourceObject: {fileID: 0}
  m_PrefabInternal: {fileID: 100100000}
  m_GameObject: {fileID: 100016}
  m_Enabled: 1
  m_EditorHideFlags: 0
  m_Script: {fileID: 11500000, guid: 1b3dc54f924693f41b5cbecb267e647a, type: 3}
  m_Name: 
  m_EditorClassIdentifier: 
  leftAnchor:
    target: {fileID: 0}
    relative: 0
    absolute: 0
  rightAnchor:
    target: {fileID: 0}
    relative: 1
    absolute: 0
  bottomAnchor:
    target: {fileID: 0}
    relative: 0
    absolute: 0
  topAnchor:
    target: {fileID: 0}
    relative: 1
    absolute: 0
  updateAnchors: 1
  mColor: {r: 1, g: 1, b: 1, a: 1}
  mPivot: 4
  mWidth: 132
  mHeight: 30
  mDepth: 3
  autoResizeBoxCollider: 0
  hideIfOffScreen: 0
  keepAspectRatio: 0
  aspectRatio: 4.4
  mType: 0
  mFillDirection: 4
  mFillAmount: 1
  mInvert: 0
  mFlip: 0
  centerType: 1
  leftType: 1
  rightType: 1
  bottomType: 1
  topType: 1
  mAtlas: {fileID: 11410420, guid: 3fd0e25b4314cbc4c8318b8e4a271faf, type: 2}
  mSpriteName: yj_zddg002
  mFillCenter: 1
--- !u!114 &11400026
MonoBehaviour:
  m_ObjectHideFlags: 1
  m_CorrespondingSourceObject: {fileID: 0}
  m_PrefabInternal: {fileID: 100100000}
  m_GameObject: {fileID: 100020}
  m_Enabled: 1
  m_EditorHideFlags: 0
  m_Script: {fileID: 11500000, guid: 1b3dc54f924693f41b5cbecb267e647a, type: 3}
  m_Name: 
  m_EditorClassIdentifier: 
  leftAnchor:
    target: {fileID: 0}
    relative: 0
    absolute: 0
  rightAnchor:
    target: {fileID: 0}
    relative: 1
    absolute: 0
  bottomAnchor:
    target: {fileID: 0}
    relative: 0
    absolute: 0
  topAnchor:
    target: {fileID: 0}
    relative: 1
    absolute: 0
  updateAnchors: 1
  mColor: {r: 1, g: 1, b: 1, a: 1}
  mPivot: 4
  mWidth: 132
  mHeight: 30
  mDepth: 2
  autoResizeBoxCollider: 0
  hideIfOffScreen: 0
  keepAspectRatio: 0
  aspectRatio: 4.4
  mType: 0
  mFillDirection: 4
  mFillAmount: 1
  mInvert: 0
  mFlip: 0
  centerType: 1
  leftType: 1
  rightType: 1
  bottomType: 1
  topType: 1
  mAtlas: {fileID: 11410420, guid: 3fd0e25b4314cbc4c8318b8e4a271faf, type: 2}
  mSpriteName: yj_zddg001
  mFillCenter: 1
--- !u!114 &11400028
MonoBehaviour:
  m_ObjectHideFlags: 1
  m_CorrespondingSourceObject: {fileID: 0}
  m_PrefabInternal: {fileID: 100100000}
  m_GameObject: {fileID: 100022}
  m_Enabled: 1
  m_EditorHideFlags: 0
  m_Script: {fileID: 11500000, guid: 1b3dc54f924693f41b5cbecb267e647a, type: 3}
  m_Name: 
  m_EditorClassIdentifier: 
  leftAnchor:
    target: {fileID: 0}
    relative: 0
    absolute: 0
  rightAnchor:
    target: {fileID: 0}
    relative: 1
    absolute: 0
  bottomAnchor:
    target: {fileID: 0}
    relative: 0
    absolute: 0
  topAnchor:
    target: {fileID: 0}
    relative: 1
    absolute: 0
  updateAnchors: 1
  mColor: {r: 1, g: 1, b: 1, a: 1}
  mPivot: 4
  mWidth: 835
  mHeight: 140
  mDepth: 1
  autoResizeBoxCollider: 0
  hideIfOffScreen: 0
  keepAspectRatio: 0
  aspectRatio: 5.964286
  mType: 1
  mFillDirection: 4
  mFillAmount: 1
  mInvert: 0
  mFlip: 0
  centerType: 1
  leftType: 1
  rightType: 1
  bottomType: 1
  topType: 1
  mAtlas: {fileID: 11410420, guid: 3fd0e25b4314cbc4c8318b8e4a271faf, type: 2}
  mSpriteName: yj_ptbeb
  mFillCenter: 1
--- !u!114 &11400030
MonoBehaviour:
  m_ObjectHideFlags: 1
  m_CorrespondingSourceObject: {fileID: 0}
  m_PrefabInternal: {fileID: 100100000}
  m_GameObject: {fileID: 100024}
  m_Enabled: 1
  m_EditorHideFlags: 0
  m_Script: {fileID: 11500000, guid: 1b3dc54f924693f41b5cbecb267e647a, type: 3}
  m_Name: 
  m_EditorClassIdentifier: 
  leftAnchor:
    target: {fileID: 0}
    relative: 0
    absolute: 0
  rightAnchor:
    target: {fileID: 0}
    relative: 1
    absolute: 0
  bottomAnchor:
    target: {fileID: 0}
    relative: 0
    absolute: 0
  topAnchor:
    target: {fileID: 0}
    relative: 1
    absolute: 0
  updateAnchors: 1
  mColor: {r: 1, g: 1, b: 1, a: 1}
  mPivot: 3
  mWidth: 349
  mHeight: 36
  mDepth: 2
  autoResizeBoxCollider: 0
  hideIfOffScreen: 0
  keepAspectRatio: 0
  aspectRatio: 9.694445
  mType: 1
  mFillDirection: 4
  mFillAmount: 1
  mInvert: 0
  mFlip: 0
  centerType: 1
  leftType: 1
  rightType: 1
  bottomType: 1
  topType: 1
  mAtlas: {fileID: 11400000, guid: 3e474fc06a2cf9b478ee7eb44f151d46, type: 2}
  mSpriteName: nzr_jdtdc002
  mFillCenter: 1
--- !u!114 &11471800
MonoBehaviour:
  m_ObjectHideFlags: 1
  m_CorrespondingSourceObject: {fileID: 0}
  m_PrefabInternal: {fileID: 100100000}
  m_GameObject: {fileID: 171804}
  m_Enabled: 1
  m_EditorHideFlags: 0
  m_Script: {fileID: 11500000, guid: 1b3dc54f924693f41b5cbecb267e647a, type: 3}
  m_Name: 
  m_EditorClassIdentifier: 
  leftAnchor:
    target: {fileID: 0}
    relative: 0
    absolute: 0
  rightAnchor:
    target: {fileID: 0}
    relative: 1
    absolute: 0
  bottomAnchor:
    target: {fileID: 0}
    relative: 0
    absolute: 0
  topAnchor:
    target: {fileID: 0}
    relative: 1
    absolute: 0
  updateAnchors: 1
  mColor: {r: 1, g: 1, b: 1, a: 1}
  mPivot: 4
  mWidth: 30
  mHeight: 30
  mDepth: 3
  autoResizeBoxCollider: 0
  hideIfOffScreen: 0
  keepAspectRatio: 0
  aspectRatio: 1
  mType: 0
  mFillDirection: 4
  mFillAmount: 1
  mInvert: 0
  mFlip: 0
  centerType: 1
  leftType: 1
  rightType: 1
  bottomType: 1
  topType: 1
  mAtlas: {fileID: 11400000, guid: 9434607a8e72e9f4d8ac178041579e69, type: 2}
  mSpriteName: cha
  mFillCenter: 1
--- !u!114 &11471802
MonoBehaviour:
  m_ObjectHideFlags: 1
  m_CorrespondingSourceObject: {fileID: 0}
  m_PrefabInternal: {fileID: 100100000}
  m_GameObject: {fileID: 171804}
  m_Enabled: 1
  m_EditorHideFlags: 0
  m_Script: {fileID: 11500000, guid: e4c4ff40739c7904ca26c14ffbdc4176, type: 3}
  m_Name: 
  m_EditorClassIdentifier: 
  target: {fileID: 100014}
  functionName: click
  trigger: 0
  includeChildren: 0
--- !u!114 &11471804
MonoBehaviour:
  m_ObjectHideFlags: 1
  m_CorrespondingSourceObject: {fileID: 0}
  m_PrefabInternal: {fileID: 100100000}
  m_GameObject: {fileID: 171804}
  m_Enabled: 1
  m_EditorHideFlags: 0
  m_Script: {fileID: 11500000, guid: 5c041f61e4a9fbf4e830210f5d933ece, type: 3}
  m_Name: 
  m_EditorClassIdentifier: 
  tweenTarget: {fileID: 0}
  hover: {x: 1, y: 1, z: 1}
  pressed: {x: 1.2, y: 1.2, z: 1.2}
  duration: 0.2
--- !u!1001 &100100000
Prefab:
  m_ObjectHideFlags: 1
  serializedVersion: 2
  m_Modification:
    m_TransformParent: {fileID: 0}
    m_Modifications: []
    m_RemovedComponents: []
  m_SourcePrefab: {fileID: 0}
  m_RootGameObject: {fileID: 100014}
  m_IsPrefabAsset: 1
