%YAML 1.1
%TAG !u! tag:unity3d.com,2011:
--- !u!1 &100000
GameObject:
  m_ObjectHideFlags: 0
  m_CorrespondingSourceObject: {fileID: 0}
  m_PrefabInternal: {fileID: 100100000}
  serializedVersion: 6
  m_Component:
  - component: {fileID: 400000}
  - component: {fileID: 6500000}
  - component: {fileID: 11400000}
  - component: {fileID: 11400002}
  - component: {fileID: 11400004}
  - component: {fileID: 11400006}
  m_Layer: 0
  m_Name: juntuan_chat
  m_TagString: Untagged
  m_Icon: {fileID: 0}
  m_NavMeshLayer: 0
  m_StaticEditorFlags: 0
  m_IsActive: 1
--- !u!1 &100002
GameObject:
  m_ObjectHideFlags: 0
  m_CorrespondingSourceObject: {fileID: 0}
  m_PrefabInternal: {fileID: 100100000}
  serializedVersion: 6
  m_Component:
  - component: {fileID: 400002}
  - component: {fileID: 11400008}
  m_Layer: 0
  m_Name: main
  m_TagString: Untagged
  m_Icon: {fileID: 0}
  m_NavMeshLayer: 0
  m_StaticEditorFlags: 0
  m_IsActive: 1
--- !u!1 &100004
GameObject:
  m_ObjectHideFlags: 0
  m_CorrespondingSourceObject: {fileID: 0}
  m_PrefabInternal: {fileID: 100100000}
  serializedVersion: 6
  m_Component:
  - component: {fileID: 400006}
  - component: {fileID: 11400012}
  m_Layer: 0
  m_Name: name
  m_TagString: Untagged
  m_Icon: {fileID: 0}
  m_NavMeshLayer: 0
  m_StaticEditorFlags: 0
  m_IsActive: 1
--- !u!1 &100006
GameObject:
  m_ObjectHideFlags: 0
  m_CorrespondingSourceObject: {fileID: 0}
  m_PrefabInternal: {fileID: 100100000}
  serializedVersion: 6
  m_Component:
  - component: {fileID: 400008}
  - component: {fileID: 11400014}
  m_Layer: 0
  m_Name: text
  m_TagString: Untagged
  m_Icon: {fileID: 0}
  m_NavMeshLayer: 0
  m_StaticEditorFlags: 0
  m_IsActive: 1
--- !u!1 &100008
GameObject:
  m_ObjectHideFlags: 0
  m_CorrespondingSourceObject: {fileID: 0}
  m_PrefabInternal: {fileID: 100100000}
  serializedVersion: 6
  m_Component:
  - component: {fileID: 400010}
  - component: {fileID: 11400016}
  m_Layer: 0
  m_Name: time1
  m_TagString: Untagged
  m_Icon: {fileID: 0}
  m_NavMeshLayer: 0
  m_StaticEditorFlags: 0
  m_IsActive: 1
--- !u!1 &100010
GameObject:
  m_ObjectHideFlags: 0
  m_CorrespondingSourceObject: {fileID: 0}
  m_PrefabInternal: {fileID: 100100000}
  serializedVersion: 6
  m_Component:
  - component: {fileID: 400012}
  - component: {fileID: 11400018}
  m_Layer: 0
  m_Name: time
  m_TagString: Untagged
  m_Icon: {fileID: 0}
  m_NavMeshLayer: 0
  m_StaticEditorFlags: 0
  m_IsActive: 1
--- !u!1 &100012
GameObject:
  m_ObjectHideFlags: 0
  m_CorrespondingSourceObject: {fileID: 0}
  m_PrefabInternal: {fileID: 100100000}
  serializedVersion: 6
  m_Component:
  - component: {fileID: 400004}
  - component: {fileID: 11400010}
  m_Layer: 0
  m_Name: icon
  m_TagString: Untagged
  m_Icon: {fileID: 0}
  m_NavMeshLayer: 0
  m_StaticEditorFlags: 0
  m_IsActive: 1
--- !u!4 &400000
Transform:
  m_ObjectHideFlags: 1
  m_CorrespondingSourceObject: {fileID: 0}
  m_PrefabInternal: {fileID: 100100000}
  m_GameObject: {fileID: 100000}
  m_LocalRotation: {x: 0, y: 0, z: 0, w: 1}
  m_LocalPosition: {x: 0, y: 0, z: 0}
  m_LocalScale: {x: 1, y: 1, z: 1}
  m_Children:
  - {fileID: 400002}
  - {fileID: 400004}
  - {fileID: 400006}
  - {fileID: 400008}
  - {fileID: 400010}
  - {fileID: 400012}
  m_Father: {fileID: 0}
  m_RootOrder: 0
  m_LocalEulerAnglesHint: {x: 0, y: 0, z: 0}
--- !u!4 &400002
Transform:
  m_ObjectHideFlags: 1
  m_CorrespondingSourceObject: {fileID: 0}
  m_PrefabInternal: {fileID: 100100000}
  m_GameObject: {fileID: 100002}
  m_LocalRotation: {x: 0, y: 0, z: 0, w: 1}
  m_LocalPosition: {x: 1.45, y: 0, z: 0}
  m_LocalScale: {x: 1, y: 1, z: 1}
  m_Children: []
  m_Father: {fileID: 400000}
  m_RootOrder: 0
  m_LocalEulerAnglesHint: {x: 0, y: 0, z: 0}
--- !u!4 &400004
Transform:
  m_ObjectHideFlags: 1
  m_CorrespondingSourceObject: {fileID: 0}
  m_PrefabInternal: {fileID: 100100000}
  m_GameObject: {fileID: 100012}
  m_LocalRotation: {x: 0, y: 0, z: 0, w: 1}
  m_LocalPosition: {x: -143.25, y: 32.8, z: 0}
  m_LocalScale: {x: 1, y: 1, z: 1}
  m_Children: []
  m_Father: {fileID: 400000}
  m_RootOrder: 1
  m_LocalEulerAnglesHint: {x: 0, y: 0, z: 0}
--- !u!4 &400006
Transform:
  m_ObjectHideFlags: 1
  m_CorrespondingSourceObject: {fileID: 0}
  m_PrefabInternal: {fileID: 100100000}
  m_GameObject: {fileID: 100004}
  m_LocalRotation: {x: 0, y: 0, z: 0, w: 1}
  m_LocalPosition: {x: -136.1, y: 31.2, z: 0}
  m_LocalScale: {x: 1, y: 1, z: 1}
  m_Children: []
  m_Father: {fileID: 400000}
  m_RootOrder: 2
  m_LocalEulerAnglesHint: {x: 0, y: 0, z: 0}
--- !u!4 &400008
Transform:
  m_ObjectHideFlags: 1
  m_CorrespondingSourceObject: {fileID: 0}
  m_PrefabInternal: {fileID: 100100000}
  m_GameObject: {fileID: 100006}
  m_LocalRotation: {x: 0, y: 0, z: 0, w: 1}
  m_LocalPosition: {x: -147, y: -12, z: 0}
  m_LocalScale: {x: 1, y: 1, z: 1}
  m_Children: []
  m_Father: {fileID: 400000}
  m_RootOrder: 3
  m_LocalEulerAnglesHint: {x: 0, y: 0, z: 0}
--- !u!4 &400010
Transform:
  m_ObjectHideFlags: 1
  m_CorrespondingSourceObject: {fileID: 0}
  m_PrefabInternal: {fileID: 100100000}
  m_GameObject: {fileID: 100008}
  m_LocalRotation: {x: 0, y: 0, z: 0, w: 1}
  m_LocalPosition: {x: 167.1, y: 31, z: 0}
  m_LocalScale: {x: 1, y: 1, z: 1}
  m_Children: []
  m_Father: {fileID: 400000}
  m_RootOrder: 4
  m_LocalEulerAnglesHint: {x: 0, y: 0, z: 0}
--- !u!4 &400012
Transform:
  m_ObjectHideFlags: 1
  m_CorrespondingSourceObject: {fileID: 0}
  m_PrefabInternal: {fileID: 100100000}
  m_GameObject: {fileID: 100010}
  m_LocalRotation: {x: 0, y: 0, z: 0, w: 1}
  m_LocalPosition: {x: 167.4, y: -19.37, z: 0}
  m_LocalScale: {x: 1, y: 1, z: 1}
  m_Children: []
  m_Father: {fileID: 400000}
  m_RootOrder: 5
  m_LocalEulerAnglesHint: {x: 0, y: 0, z: 0}
--- !u!65 &6500000
BoxCollider:
  m_ObjectHideFlags: 1
  m_CorrespondingSourceObject: {fileID: 0}
  m_PrefabInternal: {fileID: 100100000}
  m_GameObject: {fileID: 100000}
  m_Material: {fileID: 0}
  m_IsTrigger: 1
  m_Enabled: 1
  serializedVersion: 2
  m_Size: {x: 350, y: 98, z: 0}
  m_Center: {x: 0, y: 0, z: 0}
--- !u!114 &11400000
MonoBehaviour:
  m_ObjectHideFlags: 1
  m_CorrespondingSourceObject: {fileID: 0}
  m_PrefabInternal: {fileID: 100100000}
  m_GameObject: {fileID: 100000}
  m_Enabled: 1
  m_EditorHideFlags: 0
  m_Script: {fileID: 11500000, guid: e4c4ff40739c7904ca26c14ffbdc4176, type: 3}
  m_Name: 
  m_EditorClassIdentifier: 
  target: {fileID: 0}
  functionName: click
  trigger: 0
  includeChildren: 0
--- !u!114 &11400002
MonoBehaviour:
  m_ObjectHideFlags: 1
  m_CorrespondingSourceObject: {fileID: 0}
  m_PrefabInternal: {fileID: 100100000}
  m_GameObject: {fileID: 100000}
  m_Enabled: 1
  m_EditorHideFlags: 0
  m_Script: {fileID: 11500000, guid: f02842fa4878db54f9587ff4de7d9f2d, type: 3}
  m_Name: 
  m_EditorClassIdentifier: 
  scrollView: {fileID: 0}
  draggablePanel: {fileID: 0}
--- !u!114 &11400004
MonoBehaviour:
  m_ObjectHideFlags: 1
  m_CorrespondingSourceObject: {fileID: 0}
  m_PrefabInternal: {fileID: 100100000}
  m_GameObject: {fileID: 100000}
  m_Enabled: 1
  m_EditorHideFlags: 0
  m_Script: {fileID: 11500000, guid: 858a20c1b21a3f94bb5b2d3b901c9aaf, type: 3}
  m_Name: 
  m_EditorClassIdentifier: 
  leftAnchor:
    target: {fileID: 0}
    relative: 0
    absolute: 0
  rightAnchor:
    target: {fileID: 0}
    relative: 1
    absolute: 0
  bottomAnchor:
    target: {fileID: 0}
    relative: 0
    absolute: 0
  topAnchor:
    target: {fileID: 0}
    relative: 1
    absolute: 0
  updateAnchors: 1
  mColor: {r: 1, g: 1, b: 1, a: 1}
  mPivot: 4
  mWidth: 350
  mHeight: 98
  mDepth: 0
  autoResizeBoxCollider: 1
  hideIfOffScreen: 0
  keepAspectRatio: 0
  aspectRatio: 3.5714285
--- !u!114 &11400006
MonoBehaviour:
  m_ObjectHideFlags: 1
  m_CorrespondingSourceObject: {fileID: 0}
  m_PrefabInternal: {fileID: 100100000}
  m_GameObject: {fileID: 100000}
  m_Enabled: 1
  m_EditorHideFlags: 0
  m_Script: {fileID: 11500000, guid: d39079fe3a6b7a044a3171a15dd4a985, type: 3}
  m_Name: 
  m_EditorClassIdentifier: 
--- !u!114 &11400008
MonoBehaviour:
  m_ObjectHideFlags: 1
  m_CorrespondingSourceObject: {fileID: 0}
  m_PrefabInternal: {fileID: 100100000}
  m_GameObject: {fileID: 100002}
  m_Enabled: 1
  m_EditorHideFlags: 0
  m_Script: {fileID: 11500000, guid: 1b3dc54f924693f41b5cbecb267e647a, type: 3}
  m_Name: 
  m_EditorClassIdentifier: 
  leftAnchor:
    target: {fileID: 0}
    relative: 0
    absolute: 0
  rightAnchor:
    target: {fileID: 0}
    relative: 1
    absolute: 0
  bottomAnchor:
    target: {fileID: 0}
    relative: 0
    absolute: 0
  topAnchor:
    target: {fileID: 0}
    relative: 1
    absolute: 0
  updateAnchors: 1
  mColor: {r: 1, g: 1, b: 1, a: 1}
  mPivot: 4
  mWidth: 346
  mHeight: 92
  mDepth: 0
  autoResizeBoxCollider: 0
  hideIfOffScreen: 0
  keepAspectRatio: 0
  aspectRatio: 3.7608695
  mType: 1
  mFillDirection: 4
  mFillAmount: 1
  mInvert: 0
  mFlip: 0
  centerType: 1
  leftType: 1
  rightType: 1
  bottomType: 1
  topType: 1
  mAtlas: {fileID: 11400000, guid: 3e474fc06a2cf9b478ee7eb44f151d46, type: 2}
  mSpriteName: jtlt_xdk001
  mFillCenter: 1
--- !u!114 &11400010
MonoBehaviour:
  m_ObjectHideFlags: 1
  m_CorrespondingSourceObject: {fileID: 0}
  m_PrefabInternal: {fileID: 100100000}
  m_GameObject: {fileID: 100012}
  m_Enabled: 1
  m_EditorHideFlags: 0
  m_Script: {fileID: 11500000, guid: 1b3dc54f924693f41b5cbecb267e647a, type: 3}
  m_Name: 
  m_EditorClassIdentifier: 
  leftAnchor:
    target: {fileID: 0}
    relative: 0
    absolute: 0
  rightAnchor:
    target: {fileID: 0}
    relative: 1
    absolute: 0
  bottomAnchor:
    target: {fileID: 0}
    relative: 0
    absolute: 0
  topAnchor:
    target: {fileID: 0}
    relative: 1
    absolute: 0
  updateAnchors: 1
  mColor: {r: 1, g: 1, b: 1, a: 1}
  mPivot: 4
  mWidth: 8
  mHeight: 8
  mDepth: 3
  autoResizeBoxCollider: 0
  hideIfOffScreen: 0
  keepAspectRatio: 0
  aspectRatio: 1
  mType: 0
  mFillDirection: 4
  mFillAmount: 1
  mInvert: 0
  mFlip: 0
  centerType: 1
  leftType: 1
  rightType: 1
  bottomType: 1
  topType: 1
  mAtlas: {fileID: 11475630, guid: 65e23d9e23e1695419c120b0173d2535, type: 2}
  mSpriteName: jtlt_wjxmbs
  mFillCenter: 1
--- !u!114 &11400012
MonoBehaviour:
  m_ObjectHideFlags: 1
  m_CorrespondingSourceObject: {fileID: 0}
  m_PrefabInternal: {fileID: 100100000}
  m_GameObject: {fileID: 100004}
  m_Enabled: 1
  m_EditorHideFlags: 0
  m_Script: {fileID: 11500000, guid: e9d0b5f3bbe925a408bd595c79d0bf63, type: 3}
  m_Name: 
  m_EditorClassIdentifier: 
  leftAnchor:
    target: {fileID: 0}
    relative: 0
    absolute: 0
  rightAnchor:
    target: {fileID: 0}
    relative: 1
    absolute: 0
  bottomAnchor:
    target: {fileID: 0}
    relative: 0
    absolute: 0
  topAnchor:
    target: {fileID: 0}
    relative: 1
    absolute: 0
  updateAnchors: 1
  mColor: {r: 1, g: 1, b: 1, a: 1}
  mPivot: 3
  mWidth: 36
  mHeight: 18
  mDepth: 3
  autoResizeBoxCollider: 0
  hideIfOffScreen: 0
  keepAspectRatio: 0
  aspectRatio: 2
  keepCrispWhenShrunk: 1
  mTrueTypeFont: {fileID: 12800000, guid: 3808af36fe5301741a140795837edfa0, type: 3}
  mFont: {fileID: 0}
  mText: '...'
  mFontSize: 18
  mFontStyle: 0
  mAlignment: 1
  mEncoding: 1
  mMaxLineCount: 0
  mEffectStyle: 1
  mEffectColor: {r: 0, g: 0, b: 0, a: 1}
  mSymbols: 1
  mEffectDistance: {x: 1, y: 1}
  mOverflow: 2
  mMaterial: {fileID: 0}
  mApplyGradient: 0
  mGradientTop: {r: 1, g: 1, b: 1, a: 1}
  mGradientBottom: {r: 0.7, g: 0.7, b: 0.7, a: 1}
  mSpacingX: 0
  mSpacingY: 0
  mUseFloatSpacing: 0
  mFloatSpacingX: 0
  mFloatSpacingY: 0
  mId: 526
  mShrinkToFit: 0
  mMaxLineWidth: 0
  mMaxLineHeight: 0
  mLineWidth: 0
  mMultiline: 1
  mLanguage: 1
  mConfusion: 0
--- !u!114 &11400014
MonoBehaviour:
  m_ObjectHideFlags: 1
  m_CorrespondingSourceObject: {fileID: 0}
  m_PrefabInternal: {fileID: 100100000}
  m_GameObject: {fileID: 100006}
  m_Enabled: 1
  m_EditorHideFlags: 0
  m_Script: {fileID: 11500000, guid: e9d0b5f3bbe925a408bd595c79d0bf63, type: 3}
  m_Name: 
  m_EditorClassIdentifier: 
  leftAnchor:
    target: {fileID: 0}
    relative: 0
    absolute: 0
  rightAnchor:
    target: {fileID: 0}
    relative: 1
    absolute: 0
  bottomAnchor:
    target: {fileID: 0}
    relative: 0
    absolute: 0
  topAnchor:
    target: {fileID: 0}
    relative: 1
    absolute: 0
  updateAnchors: 1
  mColor: {r: 1, g: 1, b: 1, a: 1}
  mPivot: 3
  mWidth: 229
  mHeight: 58
  mDepth: 4
  autoResizeBoxCollider: 0
  hideIfOffScreen: 0
  keepAspectRatio: 0
  aspectRatio: 3.9482758
  keepCrispWhenShrunk: 1
  mTrueTypeFont: {fileID: 12800000, guid: 3808af36fe5301741a140795837edfa0, type: 3}
  mFont: {fileID: 0}
  mText: '...'
  mFontSize: 20
  mFontStyle: 0
  mAlignment: 1
  mEncoding: 1
  mMaxLineCount: 0
  mEffectStyle: 0
  mEffectColor: {r: 0, g: 0, b: 0, a: 1}
  mSymbols: 1
  mEffectDistance: {x: 1, y: 1}
  mOverflow: 0
  mMaterial: {fileID: 0}
  mApplyGradient: 0
  mGradientTop: {r: 1, g: 1, b: 1, a: 1}
  mGradientBottom: {r: 0.7, g: 0.7, b: 0.7, a: 1}
  mSpacingX: 0
  mSpacingY: 0
  mUseFloatSpacing: 0
  mFloatSpacingX: 0
  mFloatSpacingY: 0
  mId: 
  mShrinkToFit: 0
  mMaxLineWidth: 0
  mMaxLineHeight: 0
  mLineWidth: 0
  mMultiline: 1
  mLanguage: 0
  mConfusion: 0
--- !u!114 &11400016
MonoBehaviour:
  m_ObjectHideFlags: 1
  m_CorrespondingSourceObject: {fileID: 0}
  m_PrefabInternal: {fileID: 100100000}
  m_GameObject: {fileID: 100008}
  m_Enabled: 1
  m_EditorHideFlags: 0
  m_Script: {fileID: 11500000, guid: e9d0b5f3bbe925a408bd595c79d0bf63, type: 3}
  m_Name: 
  m_EditorClassIdentifier: 
  leftAnchor:
    target: {fileID: 0}
    relative: 0
    absolute: 0
  rightAnchor:
    target: {fileID: 0}
    relative: 1
    absolute: 0
  bottomAnchor:
    target: {fileID: 0}
    relative: 0
    absolute: 0
  topAnchor:
    target: {fileID: 0}
    relative: 1
    absolute: 0
  updateAnchors: 1
  mColor: {r: 1, g: 1, b: 1, a: 1}
  mPivot: 5
  mWidth: 102
  mHeight: 20
  mDepth: 3
  autoResizeBoxCollider: 0
  hideIfOffScreen: 0
  keepAspectRatio: 0
  aspectRatio: 5.1
  keepCrispWhenShrunk: 1
  mTrueTypeFont: {fileID: 12800000, guid: 3808af36fe5301741a140795837edfa0, type: 3}
  mFont: {fileID: 0}
  mText: '...'
  mFontSize: 20
  mFontStyle: 0
  mAlignment: 3
  mEncoding: 1
  mMaxLineCount: 0
  mEffectStyle: 0
  mEffectColor: {r: 0, g: 0, b: 0, a: 1}
  mSymbols: 1
  mEffectDistance: {x: 1, y: 1}
  mOverflow: 2
  mMaterial: {fileID: 0}
  mApplyGradient: 0
  mGradientTop: {r: 1, g: 1, b: 1, a: 1}
  mGradientBottom: {r: 0.7, g: 0.7, b: 0.7, a: 1}
  mSpacingX: 0
  mSpacingY: 0
  mUseFloatSpacing: 0
  mFloatSpacingX: 0
  mFloatSpacingY: 0
  mId: 
  mShrinkToFit: 0
  mMaxLineWidth: 0
  mMaxLineHeight: 0
  mLineWidth: 0
  mMultiline: 1
  mLanguage: 0
  mConfusion: 0
--- !u!114 &11400018
MonoBehaviour:
  m_ObjectHideFlags: 1
  m_CorrespondingSourceObject: {fileID: 0}
  m_PrefabInternal: {fileID: 100100000}
  m_GameObject: {fileID: 100010}
  m_Enabled: 1
  m_EditorHideFlags: 0
  m_Script: {fileID: 11500000, guid: e9d0b5f3bbe925a408bd595c79d0bf63, type: 3}
  m_Name: 
  m_EditorClassIdentifier: 
  leftAnchor:
    target: {fileID: 0}
    relative: 0
    absolute: 0
  rightAnchor:
    target: {fileID: 0}
    relative: 1
    absolute: 0
  bottomAnchor:
    target: {fileID: 0}
    relative: 0
    absolute: 0
  topAnchor:
    target: {fileID: 0}
    relative: 1
    absolute: 0
  updateAnchors: 1
  mColor: {r: 1, g: 1, b: 1, a: 1}
  mPivot: 5
  mWidth: 50
  mHeight: 20
  mDepth: 3
  autoResizeBoxCollider: 0
  hideIfOffScreen: 0
  keepAspectRatio: 0
  aspectRatio: 2.5
  keepCrispWhenShrunk: 1
  mTrueTypeFont: {fileID: 12800000, guid: 3808af36fe5301741a140795837edfa0, type: 3}
  mFont: {fileID: 0}
  mText: '...'
  mFontSize: 20
  mFontStyle: 0
  mAlignment: 3
  mEncoding: 1
  mMaxLineCount: 0
  mEffectStyle: 0
  mEffectColor: {r: 0, g: 0, b: 0, a: 1}
  mSymbols: 1
  mEffectDistance: {x: 1, y: 1}
  mOverflow: 2
  mMaterial: {fileID: 0}
  mApplyGradient: 0
  mGradientTop: {r: 1, g: 1, b: 1, a: 1}
  mGradientBottom: {r: 0.7, g: 0.7, b: 0.7, a: 1}
  mSpacingX: 0
  mSpacingY: 0
  mUseFloatSpacing: 0
  mFloatSpacingX: 0
  mFloatSpacingY: 0
  mId: 
  mShrinkToFit: 0
  mMaxLineWidth: 0
  mMaxLineHeight: 0
  mLineWidth: 0
  mMultiline: 1
  mLanguage: 0
  mConfusion: 0
--- !u!1001 &100100000
Prefab:
  m_ObjectHideFlags: 1
  serializedVersion: 2
  m_Modification:
    m_TransformParent: {fileID: 0}
    m_Modifications: []
    m_RemovedComponents: []
  m_SourcePrefab: {fileID: 0}
  m_RootGameObject: {fileID: 100000}
  m_IsPrefabAsset: 1
