%YAML 1.1
%TAG !u! tag:unity3d.com,2011:
--- !u!1 &100000
GameObject:
  m_ObjectHideFlags: 1
  m_CorrespondingSourceObject: {fileID: 0}
  m_PrefabInternal: {fileID: 100100000}
  serializedVersion: 6
  m_Component:
  - component: {fileID: 400000}
  m_Layer: 0
  m_Name: Bone21
  m_TagString: Untagged
  m_Icon: {fileID: 0}
  m_NavMeshLayer: 0
  m_StaticEditorFlags: 0
  m_IsActive: 1
--- !u!1 &100002
GameObject:
  m_ObjectHideFlags: 1
  m_CorrespondingSourceObject: {fileID: 0}
  m_PrefabInternal: {fileID: 100100000}
  serializedVersion: 6
  m_Component:
  - component: {fileID: 400002}
  m_Layer: 0
  m_Name: Bone20
  m_TagString: Untagged
  m_Icon: {fileID: 0}
  m_NavMeshLayer: 0
  m_StaticEditorFlags: 0
  m_IsActive: 1
--- !u!1 &100004
GameObject:
  m_ObjectHideFlags: 1
  m_CorrespondingSourceObject: {fileID: 0}
  m_PrefabInternal: {fileID: 100100000}
  serializedVersion: 6
  m_Component:
  - component: {fileID: 400160}
  m_Layer: 0
  m_Name: Bone19
  m_TagString: Untagged
  m_Icon: {fileID: 0}
  m_NavMeshLayer: 0
  m_StaticEditorFlags: 0
  m_IsActive: 1
--- !u!1 &100006
GameObject:
  m_ObjectHideFlags: 1
  m_CorrespondingSourceObject: {fileID: 0}
  m_PrefabInternal: {fileID: 100100000}
  serializedVersion: 6
  m_Component:
  - component: {fileID: 400004}
  m_Layer: 0
  m_Name: Bone18
  m_TagString: Untagged
  m_Icon: {fileID: 0}
  m_NavMeshLayer: 0
  m_StaticEditorFlags: 0
  m_IsActive: 1
--- !u!1 &100008
GameObject:
  m_ObjectHideFlags: 1
  m_CorrespondingSourceObject: {fileID: 0}
  m_PrefabInternal: {fileID: 100100000}
  serializedVersion: 6
  m_Component:
  - component: {fileID: 400006}
  m_Layer: 0
  m_Name: Bone17
  m_TagString: Untagged
  m_Icon: {fileID: 0}
  m_NavMeshLayer: 0
  m_StaticEditorFlags: 0
  m_IsActive: 1
--- !u!1 &100010
GameObject:
  m_ObjectHideFlags: 1
  m_CorrespondingSourceObject: {fileID: 0}
  m_PrefabInternal: {fileID: 100100000}
  serializedVersion: 6
  m_Component:
  - component: {fileID: 400162}
  m_Layer: 0
  m_Name: Bone16
  m_TagString: Untagged
  m_Icon: {fileID: 0}
  m_NavMeshLayer: 0
  m_StaticEditorFlags: 0
  m_IsActive: 1
--- !u!1 &100012
GameObject:
  m_ObjectHideFlags: 1
  m_CorrespondingSourceObject: {fileID: 0}
  m_PrefabInternal: {fileID: 100100000}
  serializedVersion: 6
  m_Component:
  - component: {fileID: 400008}
  m_Layer: 0
  m_Name: Bone15
  m_TagString: Untagged
  m_Icon: {fileID: 0}
  m_NavMeshLayer: 0
  m_StaticEditorFlags: 0
  m_IsActive: 1
--- !u!1 &100014
GameObject:
  m_ObjectHideFlags: 1
  m_CorrespondingSourceObject: {fileID: 0}
  m_PrefabInternal: {fileID: 100100000}
  serializedVersion: 6
  m_Component:
  - component: {fileID: 400010}
  m_Layer: 0
  m_Name: Bone14
  m_TagString: Untagged
  m_Icon: {fileID: 0}
  m_NavMeshLayer: 0
  m_StaticEditorFlags: 0
  m_IsActive: 1
--- !u!1 &100016
GameObject:
  m_ObjectHideFlags: 1
  m_CorrespondingSourceObject: {fileID: 0}
  m_PrefabInternal: {fileID: 100100000}
  serializedVersion: 6
  m_Component:
  - component: {fileID: 400164}
  m_Layer: 0
  m_Name: Bone13
  m_TagString: Untagged
  m_Icon: {fileID: 0}
  m_NavMeshLayer: 0
  m_StaticEditorFlags: 0
  m_IsActive: 1
--- !u!1 &100018
GameObject:
  m_ObjectHideFlags: 1
  m_CorrespondingSourceObject: {fileID: 0}
  m_PrefabInternal: {fileID: 100100000}
  serializedVersion: 6
  m_Component:
  - component: {fileID: 400012}
  m_Layer: 0
  m_Name: Bone12
  m_TagString: Untagged
  m_Icon: {fileID: 0}
  m_NavMeshLayer: 0
  m_StaticEditorFlags: 0
  m_IsActive: 1
--- !u!1 &100020
GameObject:
  m_ObjectHideFlags: 1
  m_CorrespondingSourceObject: {fileID: 0}
  m_PrefabInternal: {fileID: 100100000}
  serializedVersion: 6
  m_Component:
  - component: {fileID: 400014}
  m_Layer: 0
  m_Name: Bone11
  m_TagString: Untagged
  m_Icon: {fileID: 0}
  m_NavMeshLayer: 0
  m_StaticEditorFlags: 0
  m_IsActive: 1
--- !u!1 &100022
GameObject:
  m_ObjectHideFlags: 1
  m_CorrespondingSourceObject: {fileID: 0}
  m_PrefabInternal: {fileID: 100100000}
  serializedVersion: 6
  m_Component:
  - component: {fileID: 400166}
  m_Layer: 0
  m_Name: Bone10
  m_TagString: Untagged
  m_Icon: {fileID: 0}
  m_NavMeshLayer: 0
  m_StaticEditorFlags: 0
  m_IsActive: 1
--- !u!1 &100024
GameObject:
  m_ObjectHideFlags: 1
  m_CorrespondingSourceObject: {fileID: 0}
  m_PrefabInternal: {fileID: 100100000}
  serializedVersion: 6
  m_Component:
  - component: {fileID: 400016}
  m_Layer: 0
  m_Name: Bone09
  m_TagString: Untagged
  m_Icon: {fileID: 0}
  m_NavMeshLayer: 0
  m_StaticEditorFlags: 0
  m_IsActive: 1
--- !u!1 &100026
GameObject:
  m_ObjectHideFlags: 1
  m_CorrespondingSourceObject: {fileID: 0}
  m_PrefabInternal: {fileID: 100100000}
  serializedVersion: 6
  m_Component:
  - component: {fileID: 400018}
  m_Layer: 0
  m_Name: Bone08
  m_TagString: Untagged
  m_Icon: {fileID: 0}
  m_NavMeshLayer: 0
  m_StaticEditorFlags: 0
  m_IsActive: 1
--- !u!1 &100028
GameObject:
  m_ObjectHideFlags: 1
  m_CorrespondingSourceObject: {fileID: 0}
  m_PrefabInternal: {fileID: 100100000}
  serializedVersion: 6
  m_Component:
  - component: {fileID: 400168}
  m_Layer: 0
  m_Name: Bone07
  m_TagString: Untagged
  m_Icon: {fileID: 0}
  m_NavMeshLayer: 0
  m_StaticEditorFlags: 0
  m_IsActive: 1
--- !u!1 &100030
GameObject:
  m_ObjectHideFlags: 1
  m_CorrespondingSourceObject: {fileID: 0}
  m_PrefabInternal: {fileID: 100100000}
  serializedVersion: 6
  m_Component:
  - component: {fileID: 400020}
  m_Layer: 0
  m_Name: Bone06
  m_TagString: Untagged
  m_Icon: {fileID: 0}
  m_NavMeshLayer: 0
  m_StaticEditorFlags: 0
  m_IsActive: 1
--- !u!1 &100032
GameObject:
  m_ObjectHideFlags: 1
  m_CorrespondingSourceObject: {fileID: 0}
  m_PrefabInternal: {fileID: 100100000}
  serializedVersion: 6
  m_Component:
  - component: {fileID: 400022}
  m_Layer: 0
  m_Name: Bone05
  m_TagString: Untagged
  m_Icon: {fileID: 0}
  m_NavMeshLayer: 0
  m_StaticEditorFlags: 0
  m_IsActive: 1
--- !u!1 &100034
GameObject:
  m_ObjectHideFlags: 1
  m_CorrespondingSourceObject: {fileID: 0}
  m_PrefabInternal: {fileID: 100100000}
  serializedVersion: 6
  m_Component:
  - component: {fileID: 400170}
  m_Layer: 0
  m_Name: Bone04
  m_TagString: Untagged
  m_Icon: {fileID: 0}
  m_NavMeshLayer: 0
  m_StaticEditorFlags: 0
  m_IsActive: 1
--- !u!1 &100036
GameObject:
  m_ObjectHideFlags: 1
  m_CorrespondingSourceObject: {fileID: 0}
  m_PrefabInternal: {fileID: 100100000}
  serializedVersion: 6
  m_Component:
  - component: {fileID: 400024}
  m_Layer: 0
  m_Name: Bone03
  m_TagString: Untagged
  m_Icon: {fileID: 0}
  m_NavMeshLayer: 0
  m_StaticEditorFlags: 0
  m_IsActive: 1
--- !u!1 &100038
GameObject:
  m_ObjectHideFlags: 1
  m_CorrespondingSourceObject: {fileID: 0}
  m_PrefabInternal: {fileID: 100100000}
  serializedVersion: 6
  m_Component:
  - component: {fileID: 400026}
  m_Layer: 0
  m_Name: Bone02
  m_TagString: Untagged
  m_Icon: {fileID: 0}
  m_NavMeshLayer: 0
  m_StaticEditorFlags: 0
  m_IsActive: 1
--- !u!1 &100040
GameObject:
  m_ObjectHideFlags: 1
  m_CorrespondingSourceObject: {fileID: 0}
  m_PrefabInternal: {fileID: 100100000}
  serializedVersion: 6
  m_Component:
  - component: {fileID: 400172}
  m_Layer: 0
  m_Name: Bone01
  m_TagString: Untagged
  m_Icon: {fileID: 0}
  m_NavMeshLayer: 0
  m_StaticEditorFlags: 0
  m_IsActive: 1
--- !u!1 &100042
GameObject:
  m_ObjectHideFlags: 1
  m_CorrespondingSourceObject: {fileID: 0}
  m_PrefabInternal: {fileID: 100100000}
  serializedVersion: 6
  m_Component:
  - component: {fileID: 400132}
  m_Layer: 0
  m_Name: Breast_R
  m_TagString: Untagged
  m_Icon: {fileID: 0}
  m_NavMeshLayer: 0
  m_StaticEditorFlags: 0
  m_IsActive: 1
--- !u!1 &100044
GameObject:
  m_ObjectHideFlags: 1
  m_CorrespondingSourceObject: {fileID: 0}
  m_PrefabInternal: {fileID: 100100000}
  serializedVersion: 6
  m_Component:
  - component: {fileID: 400134}
  m_Layer: 0
  m_Name: Breast_L
  m_TagString: Untagged
  m_Icon: {fileID: 0}
  m_NavMeshLayer: 0
  m_StaticEditorFlags: 0
  m_IsActive: 1
--- !u!1 &100046
GameObject:
  m_ObjectHideFlags: 1
  m_CorrespondingSourceObject: {fileID: 0}
  m_PrefabInternal: {fileID: 100100000}
  serializedVersion: 6
  m_Component:
  - component: {fileID: 400072}
  m_Layer: 0
  m_Name: J_R
  m_TagString: Untagged
  m_Icon: {fileID: 0}
  m_NavMeshLayer: 0
  m_StaticEditorFlags: 0
  m_IsActive: 1
--- !u!1 &100048
GameObject:
  m_ObjectHideFlags: 1
  m_CorrespondingSourceObject: {fileID: 0}
  m_PrefabInternal: {fileID: 100100000}
  serializedVersion: 6
  m_Component:
  - component: {fileID: 400028}
  m_Layer: 0
  m_Name: Bip02 R Finger4Nub
  m_TagString: Untagged
  m_Icon: {fileID: 0}
  m_NavMeshLayer: 0
  m_StaticEditorFlags: 0
  m_IsActive: 1
--- !u!1 &100050
GameObject:
  m_ObjectHideFlags: 1
  m_CorrespondingSourceObject: {fileID: 0}
  m_PrefabInternal: {fileID: 100100000}
  serializedVersion: 6
  m_Component:
  - component: {fileID: 400030}
  m_Layer: 0
  m_Name: Bip02 R Finger42
  m_TagString: Untagged
  m_Icon: {fileID: 0}
  m_NavMeshLayer: 0
  m_StaticEditorFlags: 0
  m_IsActive: 1
--- !u!1 &100052
GameObject:
  m_ObjectHideFlags: 1
  m_CorrespondingSourceObject: {fileID: 0}
  m_PrefabInternal: {fileID: 100100000}
  serializedVersion: 6
  m_Component:
  - component: {fileID: 400032}
  m_Layer: 0
  m_Name: Bip02 R Finger41
  m_TagString: Untagged
  m_Icon: {fileID: 0}
  m_NavMeshLayer: 0
  m_StaticEditorFlags: 0
  m_IsActive: 1
--- !u!1 &100054
GameObject:
  m_ObjectHideFlags: 1
  m_CorrespondingSourceObject: {fileID: 0}
  m_PrefabInternal: {fileID: 100100000}
  serializedVersion: 6
  m_Component:
  - component: {fileID: 400058}
  m_Layer: 0
  m_Name: Bip02 R Finger4
  m_TagString: Untagged
  m_Icon: {fileID: 0}
  m_NavMeshLayer: 0
  m_StaticEditorFlags: 0
  m_IsActive: 1
--- !u!1 &100056
GameObject:
  m_ObjectHideFlags: 1
  m_CorrespondingSourceObject: {fileID: 0}
  m_PrefabInternal: {fileID: 100100000}
  serializedVersion: 6
  m_Component:
  - component: {fileID: 400034}
  m_Layer: 0
  m_Name: Bip02 R Finger3Nub
  m_TagString: Untagged
  m_Icon: {fileID: 0}
  m_NavMeshLayer: 0
  m_StaticEditorFlags: 0
  m_IsActive: 1
--- !u!1 &100058
GameObject:
  m_ObjectHideFlags: 1
  m_CorrespondingSourceObject: {fileID: 0}
  m_PrefabInternal: {fileID: 100100000}
  serializedVersion: 6
  m_Component:
  - component: {fileID: 400036}
  m_Layer: 0
  m_Name: Bip02 R Finger32
  m_TagString: Untagged
  m_Icon: {fileID: 0}
  m_NavMeshLayer: 0
  m_StaticEditorFlags: 0
  m_IsActive: 1
--- !u!1 &100060
GameObject:
  m_ObjectHideFlags: 1
  m_CorrespondingSourceObject: {fileID: 0}
  m_PrefabInternal: {fileID: 100100000}
  serializedVersion: 6
  m_Component:
  - component: {fileID: 400038}
  m_Layer: 0
  m_Name: Bip02 R Finger31
  m_TagString: Untagged
  m_Icon: {fileID: 0}
  m_NavMeshLayer: 0
  m_StaticEditorFlags: 0
  m_IsActive: 1
--- !u!1 &100062
GameObject:
  m_ObjectHideFlags: 1
  m_CorrespondingSourceObject: {fileID: 0}
  m_PrefabInternal: {fileID: 100100000}
  serializedVersion: 6
  m_Component:
  - component: {fileID: 400060}
  m_Layer: 0
  m_Name: Bip02 R Finger3
  m_TagString: Untagged
  m_Icon: {fileID: 0}
  m_NavMeshLayer: 0
  m_StaticEditorFlags: 0
  m_IsActive: 1
--- !u!1 &100064
GameObject:
  m_ObjectHideFlags: 1
  m_CorrespondingSourceObject: {fileID: 0}
  m_PrefabInternal: {fileID: 100100000}
  serializedVersion: 6
  m_Component:
  - component: {fileID: 400040}
  m_Layer: 0
  m_Name: Bip02 R Finger2Nub
  m_TagString: Untagged
  m_Icon: {fileID: 0}
  m_NavMeshLayer: 0
  m_StaticEditorFlags: 0
  m_IsActive: 1
--- !u!1 &100066
GameObject:
  m_ObjectHideFlags: 1
  m_CorrespondingSourceObject: {fileID: 0}
  m_PrefabInternal: {fileID: 100100000}
  serializedVersion: 6
  m_Component:
  - component: {fileID: 400042}
  m_Layer: 0
  m_Name: Bip02 R Finger22
  m_TagString: Untagged
  m_Icon: {fileID: 0}
  m_NavMeshLayer: 0
  m_StaticEditorFlags: 0
  m_IsActive: 1
--- !u!1 &100068
GameObject:
  m_ObjectHideFlags: 1
  m_CorrespondingSourceObject: {fileID: 0}
  m_PrefabInternal: {fileID: 100100000}
  serializedVersion: 6
  m_Component:
  - component: {fileID: 400044}
  m_Layer: 0
  m_Name: Bip02 R Finger21
  m_TagString: Untagged
  m_Icon: {fileID: 0}
  m_NavMeshLayer: 0
  m_StaticEditorFlags: 0
  m_IsActive: 1
--- !u!1 &100070
GameObject:
  m_ObjectHideFlags: 1
  m_CorrespondingSourceObject: {fileID: 0}
  m_PrefabInternal: {fileID: 100100000}
  serializedVersion: 6
  m_Component:
  - component: {fileID: 400062}
  m_Layer: 0
  m_Name: Bip02 R Finger2
  m_TagString: Untagged
  m_Icon: {fileID: 0}
  m_NavMeshLayer: 0
  m_StaticEditorFlags: 0
  m_IsActive: 1
--- !u!1 &100072
GameObject:
  m_ObjectHideFlags: 1
  m_CorrespondingSourceObject: {fileID: 0}
  m_PrefabInternal: {fileID: 100100000}
  serializedVersion: 6
  m_Component:
  - component: {fileID: 400046}
  m_Layer: 0
  m_Name: Bip02 R Finger1Nub
  m_TagString: Untagged
  m_Icon: {fileID: 0}
  m_NavMeshLayer: 0
  m_StaticEditorFlags: 0
  m_IsActive: 1
--- !u!1 &100074
GameObject:
  m_ObjectHideFlags: 1
  m_CorrespondingSourceObject: {fileID: 0}
  m_PrefabInternal: {fileID: 100100000}
  serializedVersion: 6
  m_Component:
  - component: {fileID: 400048}
  m_Layer: 0
  m_Name: Bip02 R Finger12
  m_TagString: Untagged
  m_Icon: {fileID: 0}
  m_NavMeshLayer: 0
  m_StaticEditorFlags: 0
  m_IsActive: 1
--- !u!1 &100076
GameObject:
  m_ObjectHideFlags: 1
  m_CorrespondingSourceObject: {fileID: 0}
  m_PrefabInternal: {fileID: 100100000}
  serializedVersion: 6
  m_Component:
  - component: {fileID: 400050}
  m_Layer: 0
  m_Name: Bip02 R Finger11
  m_TagString: Untagged
  m_Icon: {fileID: 0}
  m_NavMeshLayer: 0
  m_StaticEditorFlags: 0
  m_IsActive: 1
--- !u!1 &100078
GameObject:
  m_ObjectHideFlags: 1
  m_CorrespondingSourceObject: {fileID: 0}
  m_PrefabInternal: {fileID: 100100000}
  serializedVersion: 6
  m_Component:
  - component: {fileID: 400064}
  m_Layer: 0
  m_Name: Bip02 R Finger1
  m_TagString: Untagged
  m_Icon: {fileID: 0}
  m_NavMeshLayer: 0
  m_StaticEditorFlags: 0
  m_IsActive: 1
--- !u!1 &100080
GameObject:
  m_ObjectHideFlags: 1
  m_CorrespondingSourceObject: {fileID: 0}
  m_PrefabInternal: {fileID: 100100000}
  serializedVersion: 6
  m_Component:
  - component: {fileID: 400052}
  m_Layer: 0
  m_Name: Bip02 R Finger0Nub
  m_TagString: Untagged
  m_Icon: {fileID: 0}
  m_NavMeshLayer: 0
  m_StaticEditorFlags: 0
  m_IsActive: 1
--- !u!1 &100082
GameObject:
  m_ObjectHideFlags: 1
  m_CorrespondingSourceObject: {fileID: 0}
  m_PrefabInternal: {fileID: 100100000}
  serializedVersion: 6
  m_Component:
  - component: {fileID: 400054}
  m_Layer: 0
  m_Name: Bip02 R Finger02
  m_TagString: Untagged
  m_Icon: {fileID: 0}
  m_NavMeshLayer: 0
  m_StaticEditorFlags: 0
  m_IsActive: 1
--- !u!1 &100084
GameObject:
  m_ObjectHideFlags: 1
  m_CorrespondingSourceObject: {fileID: 0}
  m_PrefabInternal: {fileID: 100100000}
  serializedVersion: 6
  m_Component:
  - component: {fileID: 400056}
  m_Layer: 0
  m_Name: Bip02 R Finger01
  m_TagString: Untagged
  m_Icon: {fileID: 0}
  m_NavMeshLayer: 0
  m_StaticEditorFlags: 0
  m_IsActive: 1
--- !u!1 &100086
GameObject:
  m_ObjectHideFlags: 1
  m_CorrespondingSourceObject: {fileID: 0}
  m_PrefabInternal: {fileID: 100100000}
  serializedVersion: 6
  m_Component:
  - component: {fileID: 400066}
  m_Layer: 0
  m_Name: Bip02 R Finger0
  m_TagString: Untagged
  m_Icon: {fileID: 0}
  m_NavMeshLayer: 0
  m_StaticEditorFlags: 0
  m_IsActive: 1
--- !u!1 &100088
GameObject:
  m_ObjectHideFlags: 1
  m_CorrespondingSourceObject: {fileID: 0}
  m_PrefabInternal: {fileID: 100100000}
  serializedVersion: 6
  m_Component:
  - component: {fileID: 400068}
  m_Layer: 0
  m_Name: Bip02 R Hand
  m_TagString: Untagged
  m_Icon: {fileID: 0}
  m_NavMeshLayer: 0
  m_StaticEditorFlags: 0
  m_IsActive: 1
--- !u!1 &100090
GameObject:
  m_ObjectHideFlags: 1
  m_CorrespondingSourceObject: {fileID: 0}
  m_PrefabInternal: {fileID: 100100000}
  serializedVersion: 6
  m_Component:
  - component: {fileID: 400070}
  m_Layer: 0
  m_Name: Bip02 R Forearm
  m_TagString: Untagged
  m_Icon: {fileID: 0}
  m_NavMeshLayer: 0
  m_StaticEditorFlags: 0
  m_IsActive: 1
--- !u!1 &100092
GameObject:
  m_ObjectHideFlags: 1
  m_CorrespondingSourceObject: {fileID: 0}
  m_PrefabInternal: {fileID: 100100000}
  serializedVersion: 6
  m_Component:
  - component: {fileID: 400074}
  m_Layer: 0
  m_Name: Bip02 R UpperArm
  m_TagString: Untagged
  m_Icon: {fileID: 0}
  m_NavMeshLayer: 0
  m_StaticEditorFlags: 0
  m_IsActive: 1
--- !u!1 &100094
GameObject:
  m_ObjectHideFlags: 1
  m_CorrespondingSourceObject: {fileID: 0}
  m_PrefabInternal: {fileID: 100100000}
  serializedVersion: 6
  m_Component:
  - component: {fileID: 400126}
  m_Layer: 0
  m_Name: Bip02 R Clavicle
  m_TagString: Untagged
  m_Icon: {fileID: 0}
  m_NavMeshLayer: 0
  m_StaticEditorFlags: 0
  m_IsActive: 1
--- !u!1 &100096
GameObject:
  m_ObjectHideFlags: 1
  m_CorrespondingSourceObject: {fileID: 0}
  m_PrefabInternal: {fileID: 100100000}
  serializedVersion: 6
  m_Component:
  - component: {fileID: 400120}
  m_Layer: 0
  m_Name: J_L
  m_TagString: Untagged
  m_Icon: {fileID: 0}
  m_NavMeshLayer: 0
  m_StaticEditorFlags: 0
  m_IsActive: 1
--- !u!1 &100098
GameObject:
  m_ObjectHideFlags: 1
  m_CorrespondingSourceObject: {fileID: 0}
  m_PrefabInternal: {fileID: 100100000}
  serializedVersion: 6
  m_Component:
  - component: {fileID: 400076}
  m_Layer: 0
  m_Name: Bip02 L Finger4Nub
  m_TagString: Untagged
  m_Icon: {fileID: 0}
  m_NavMeshLayer: 0
  m_StaticEditorFlags: 0
  m_IsActive: 1
--- !u!1 &100100
GameObject:
  m_ObjectHideFlags: 1
  m_CorrespondingSourceObject: {fileID: 0}
  m_PrefabInternal: {fileID: 100100000}
  serializedVersion: 6
  m_Component:
  - component: {fileID: 400078}
  m_Layer: 0
  m_Name: Bip02 L Finger42
  m_TagString: Untagged
  m_Icon: {fileID: 0}
  m_NavMeshLayer: 0
  m_StaticEditorFlags: 0
  m_IsActive: 1
--- !u!1 &100102
GameObject:
  m_ObjectHideFlags: 1
  m_CorrespondingSourceObject: {fileID: 0}
  m_PrefabInternal: {fileID: 100100000}
  serializedVersion: 6
  m_Component:
  - component: {fileID: 400080}
  m_Layer: 0
  m_Name: Bip02 L Finger41
  m_TagString: Untagged
  m_Icon: {fileID: 0}
  m_NavMeshLayer: 0
  m_StaticEditorFlags: 0
  m_IsActive: 1
--- !u!1 &100104
GameObject:
  m_ObjectHideFlags: 1
  m_CorrespondingSourceObject: {fileID: 0}
  m_PrefabInternal: {fileID: 100100000}
  serializedVersion: 6
  m_Component:
  - component: {fileID: 400106}
  m_Layer: 0
  m_Name: Bip02 L Finger4
  m_TagString: Untagged
  m_Icon: {fileID: 0}
  m_NavMeshLayer: 0
  m_StaticEditorFlags: 0
  m_IsActive: 1
--- !u!1 &100106
GameObject:
  m_ObjectHideFlags: 1
  m_CorrespondingSourceObject: {fileID: 0}
  m_PrefabInternal: {fileID: 100100000}
  serializedVersion: 6
  m_Component:
  - component: {fileID: 400082}
  m_Layer: 0
  m_Name: Bip02 L Finger3Nub
  m_TagString: Untagged
  m_Icon: {fileID: 0}
  m_NavMeshLayer: 0
  m_StaticEditorFlags: 0
  m_IsActive: 1
--- !u!1 &100108
GameObject:
  m_ObjectHideFlags: 1
  m_CorrespondingSourceObject: {fileID: 0}
  m_PrefabInternal: {fileID: 100100000}
  serializedVersion: 6
  m_Component:
  - component: {fileID: 400084}
  m_Layer: 0
  m_Name: Bip02 L Finger32
  m_TagString: Untagged
  m_Icon: {fileID: 0}
  m_NavMeshLayer: 0
  m_StaticEditorFlags: 0
  m_IsActive: 1
--- !u!1 &100110
GameObject:
  m_ObjectHideFlags: 1
  m_CorrespondingSourceObject: {fileID: 0}
  m_PrefabInternal: {fileID: 100100000}
  serializedVersion: 6
  m_Component:
  - component: {fileID: 400086}
  m_Layer: 0
  m_Name: Bip02 L Finger31
  m_TagString: Untagged
  m_Icon: {fileID: 0}
  m_NavMeshLayer: 0
  m_StaticEditorFlags: 0
  m_IsActive: 1
--- !u!1 &100112
GameObject:
  m_ObjectHideFlags: 1
  m_CorrespondingSourceObject: {fileID: 0}
  m_PrefabInternal: {fileID: 100100000}
  serializedVersion: 6
  m_Component:
  - component: {fileID: 400108}
  m_Layer: 0
  m_Name: Bip02 L Finger3
  m_TagString: Untagged
  m_Icon: {fileID: 0}
  m_NavMeshLayer: 0
  m_StaticEditorFlags: 0
  m_IsActive: 1
--- !u!1 &100114
GameObject:
  m_ObjectHideFlags: 1
  m_CorrespondingSourceObject: {fileID: 0}
  m_PrefabInternal: {fileID: 100100000}
  serializedVersion: 6
  m_Component:
  - component: {fileID: 400088}
  m_Layer: 0
  m_Name: Bip02 L Finger2Nub
  m_TagString: Untagged
  m_Icon: {fileID: 0}
  m_NavMeshLayer: 0
  m_StaticEditorFlags: 0
  m_IsActive: 1
--- !u!1 &100116
GameObject:
  m_ObjectHideFlags: 1
  m_CorrespondingSourceObject: {fileID: 0}
  m_PrefabInternal: {fileID: 100100000}
  serializedVersion: 6
  m_Component:
  - component: {fileID: 400090}
  m_Layer: 0
  m_Name: Bip02 L Finger22
  m_TagString: Untagged
  m_Icon: {fileID: 0}
  m_NavMeshLayer: 0
  m_StaticEditorFlags: 0
  m_IsActive: 1
--- !u!1 &100118
GameObject:
  m_ObjectHideFlags: 1
  m_CorrespondingSourceObject: {fileID: 0}
  m_PrefabInternal: {fileID: 100100000}
  serializedVersion: 6
  m_Component:
  - component: {fileID: 400092}
  m_Layer: 0
  m_Name: Bip02 L Finger21
  m_TagString: Untagged
  m_Icon: {fileID: 0}
  m_NavMeshLayer: 0
  m_StaticEditorFlags: 0
  m_IsActive: 1
--- !u!1 &100120
GameObject:
  m_ObjectHideFlags: 1
  m_CorrespondingSourceObject: {fileID: 0}
  m_PrefabInternal: {fileID: 100100000}
  serializedVersion: 6
  m_Component:
  - component: {fileID: 400110}
  m_Layer: 0
  m_Name: Bip02 L Finger2
  m_TagString: Untagged
  m_Icon: {fileID: 0}
  m_NavMeshLayer: 0
  m_StaticEditorFlags: 0
  m_IsActive: 1
--- !u!1 &100122
GameObject:
  m_ObjectHideFlags: 1
  m_CorrespondingSourceObject: {fileID: 0}
  m_PrefabInternal: {fileID: 100100000}
  serializedVersion: 6
  m_Component:
  - component: {fileID: 400094}
  m_Layer: 0
  m_Name: Bip02 L Finger1Nub
  m_TagString: Untagged
  m_Icon: {fileID: 0}
  m_NavMeshLayer: 0
  m_StaticEditorFlags: 0
  m_IsActive: 1
--- !u!1 &100124
GameObject:
  m_ObjectHideFlags: 1
  m_CorrespondingSourceObject: {fileID: 0}
  m_PrefabInternal: {fileID: 100100000}
  serializedVersion: 6
  m_Component:
  - component: {fileID: 400096}
  m_Layer: 0
  m_Name: Bip02 L Finger12
  m_TagString: Untagged
  m_Icon: {fileID: 0}
  m_NavMeshLayer: 0
  m_StaticEditorFlags: 0
  m_IsActive: 1
--- !u!1 &100126
GameObject:
  m_ObjectHideFlags: 1
  m_CorrespondingSourceObject: {fileID: 0}
  m_PrefabInternal: {fileID: 100100000}
  serializedVersion: 6
  m_Component:
  - component: {fileID: 400098}
  m_Layer: 0
  m_Name: Bip02 L Finger11
  m_TagString: Untagged
  m_Icon: {fileID: 0}
  m_NavMeshLayer: 0
  m_StaticEditorFlags: 0
  m_IsActive: 1
--- !u!1 &100128
GameObject:
  m_ObjectHideFlags: 1
  m_CorrespondingSourceObject: {fileID: 0}
  m_PrefabInternal: {fileID: 100100000}
  serializedVersion: 6
  m_Component:
  - component: {fileID: 400112}
  m_Layer: 0
  m_Name: Bip02 L Finger1
  m_TagString: Untagged
  m_Icon: {fileID: 0}
  m_NavMeshLayer: 0
  m_StaticEditorFlags: 0
  m_IsActive: 1
--- !u!1 &100130
GameObject:
  m_ObjectHideFlags: 1
  m_CorrespondingSourceObject: {fileID: 0}
  m_PrefabInternal: {fileID: 100100000}
  serializedVersion: 6
  m_Component:
  - component: {fileID: 400100}
  m_Layer: 0
  m_Name: Bip02 L Finger0Nub
  m_TagString: Untagged
  m_Icon: {fileID: 0}
  m_NavMeshLayer: 0
  m_StaticEditorFlags: 0
  m_IsActive: 1
--- !u!1 &100132
GameObject:
  m_ObjectHideFlags: 1
  m_CorrespondingSourceObject: {fileID: 0}
  m_PrefabInternal: {fileID: 100100000}
  serializedVersion: 6
  m_Component:
  - component: {fileID: 400102}
  m_Layer: 0
  m_Name: Bip02 L Finger02
  m_TagString: Untagged
  m_Icon: {fileID: 0}
  m_NavMeshLayer: 0
  m_StaticEditorFlags: 0
  m_IsActive: 1
--- !u!1 &100134
GameObject:
  m_ObjectHideFlags: 1
  m_CorrespondingSourceObject: {fileID: 0}
  m_PrefabInternal: {fileID: 100100000}
  serializedVersion: 6
  m_Component:
  - component: {fileID: 400104}
  m_Layer: 0
  m_Name: Bip02 L Finger01
  m_TagString: Untagged
  m_Icon: {fileID: 0}
  m_NavMeshLayer: 0
  m_StaticEditorFlags: 0
  m_IsActive: 1
--- !u!1 &100136
GameObject:
  m_ObjectHideFlags: 1
  m_CorrespondingSourceObject: {fileID: 0}
  m_PrefabInternal: {fileID: 100100000}
  serializedVersion: 6
  m_Component:
  - component: {fileID: 400114}
  m_Layer: 0
  m_Name: Bip02 L Finger0
  m_TagString: Untagged
  m_Icon: {fileID: 0}
  m_NavMeshLayer: 0
  m_StaticEditorFlags: 0
  m_IsActive: 1
--- !u!1 &100138
GameObject:
  m_ObjectHideFlags: 1
  m_CorrespondingSourceObject: {fileID: 0}
  m_PrefabInternal: {fileID: 100100000}
  serializedVersion: 6
  m_Component:
  - component: {fileID: 400116}
  m_Layer: 0
  m_Name: Bip02 L Hand
  m_TagString: Untagged
  m_Icon: {fileID: 0}
  m_NavMeshLayer: 0
  m_StaticEditorFlags: 0
  m_IsActive: 1
--- !u!1 &100140
GameObject:
  m_ObjectHideFlags: 1
  m_CorrespondingSourceObject: {fileID: 0}
  m_PrefabInternal: {fileID: 100100000}
  serializedVersion: 6
  m_Component:
  - component: {fileID: 400118}
  m_Layer: 0
  m_Name: Bip02 L Forearm
  m_TagString: Untagged
  m_Icon: {fileID: 0}
  m_NavMeshLayer: 0
  m_StaticEditorFlags: 0
  m_IsActive: 1
--- !u!1 &100142
GameObject:
  m_ObjectHideFlags: 1
  m_CorrespondingSourceObject: {fileID: 0}
  m_PrefabInternal: {fileID: 100100000}
  serializedVersion: 6
  m_Component:
  - component: {fileID: 400122}
  m_Layer: 0
  m_Name: Bip02 L UpperArm
  m_TagString: Untagged
  m_Icon: {fileID: 0}
  m_NavMeshLayer: 0
  m_StaticEditorFlags: 0
  m_IsActive: 1
--- !u!1 &100144
GameObject:
  m_ObjectHideFlags: 1
  m_CorrespondingSourceObject: {fileID: 0}
  m_PrefabInternal: {fileID: 100100000}
  serializedVersion: 6
  m_Component:
  - component: {fileID: 400128}
  m_Layer: 0
  m_Name: Bip02 L Clavicle
  m_TagString: Untagged
  m_Icon: {fileID: 0}
  m_NavMeshLayer: 0
  m_StaticEditorFlags: 0
  m_IsActive: 1
--- !u!1 &100146
GameObject:
  m_ObjectHideFlags: 1
  m_CorrespondingSourceObject: {fileID: 0}
  m_PrefabInternal: {fileID: 100100000}
  serializedVersion: 6
  m_Component:
  - component: {fileID: 400124}
  m_Layer: 0
  m_Name: Bip02 HeadNub
  m_TagString: Untagged
  m_Icon: {fileID: 0}
  m_NavMeshLayer: 0
  m_StaticEditorFlags: 0
  m_IsActive: 1
--- !u!1 &100148
GameObject:
  m_ObjectHideFlags: 1
  m_CorrespondingSourceObject: {fileID: 0}
  m_PrefabInternal: {fileID: 100100000}
  serializedVersion: 6
  m_Component:
  - component: {fileID: 400130}
  m_Layer: 0
  m_Name: Bip02 Head
  m_TagString: Untagged
  m_Icon: {fileID: 0}
  m_NavMeshLayer: 0
  m_StaticEditorFlags: 0
  m_IsActive: 1
--- !u!1 &100150
GameObject:
  m_ObjectHideFlags: 1
  m_CorrespondingSourceObject: {fileID: 0}
  m_PrefabInternal: {fileID: 100100000}
  serializedVersion: 6
  m_Component:
  - component: {fileID: 400136}
  m_Layer: 0
  m_Name: Bip02 Neck
  m_TagString: Untagged
  m_Icon: {fileID: 0}
  m_NavMeshLayer: 0
  m_StaticEditorFlags: 0
  m_IsActive: 1
--- !u!1 &100152
GameObject:
  m_ObjectHideFlags: 1
  m_CorrespondingSourceObject: {fileID: 0}
  m_PrefabInternal: {fileID: 100100000}
  serializedVersion: 6
  m_Component:
  - component: {fileID: 400154}
  m_Layer: 0
  m_Name: Bip02 Spine1
  m_TagString: Untagged
  m_Icon: {fileID: 0}
  m_NavMeshLayer: 0
  m_StaticEditorFlags: 0
  m_IsActive: 1
--- !u!1 &100154
GameObject:
  m_ObjectHideFlags: 1
  m_CorrespondingSourceObject: {fileID: 0}
  m_PrefabInternal: {fileID: 100100000}
  serializedVersion: 6
  m_Component:
  - component: {fileID: 400138}
  m_Layer: 0
  m_Name: Bip02 R Toe0Nub
  m_TagString: Untagged
  m_Icon: {fileID: 0}
  m_NavMeshLayer: 0
  m_StaticEditorFlags: 0
  m_IsActive: 1
--- !u!1 &100156
GameObject:
  m_ObjectHideFlags: 1
  m_CorrespondingSourceObject: {fileID: 0}
  m_PrefabInternal: {fileID: 100100000}
  serializedVersion: 6
  m_Component:
  - component: {fileID: 400140}
  m_Layer: 0
  m_Name: Bip02 R Toe0
  m_TagString: Untagged
  m_Icon: {fileID: 0}
  m_NavMeshLayer: 0
  m_StaticEditorFlags: 0
  m_IsActive: 1
--- !u!1 &100158
GameObject:
  m_ObjectHideFlags: 1
  m_CorrespondingSourceObject: {fileID: 0}
  m_PrefabInternal: {fileID: 100100000}
  serializedVersion: 6
  m_Component:
  - component: {fileID: 400142}
  m_Layer: 0
  m_Name: Bip02 R Foot
  m_TagString: Untagged
  m_Icon: {fileID: 0}
  m_NavMeshLayer: 0
  m_StaticEditorFlags: 0
  m_IsActive: 1
--- !u!1 &100160
GameObject:
  m_ObjectHideFlags: 1
  m_CorrespondingSourceObject: {fileID: 0}
  m_PrefabInternal: {fileID: 100100000}
  serializedVersion: 6
  m_Component:
  - component: {fileID: 400144}
  m_Layer: 0
  m_Name: Bip02 R Calf
  m_TagString: Untagged
  m_Icon: {fileID: 0}
  m_NavMeshLayer: 0
  m_StaticEditorFlags: 0
  m_IsActive: 1
--- !u!1 &100162
GameObject:
  m_ObjectHideFlags: 1
  m_CorrespondingSourceObject: {fileID: 0}
  m_PrefabInternal: {fileID: 100100000}
  serializedVersion: 6
  m_Component:
  - component: {fileID: 400156}
  m_Layer: 0
  m_Name: Bip02 R Thigh
  m_TagString: Untagged
  m_Icon: {fileID: 0}
  m_NavMeshLayer: 0
  m_StaticEditorFlags: 0
  m_IsActive: 1
--- !u!1 &100164
GameObject:
  m_ObjectHideFlags: 1
  m_CorrespondingSourceObject: {fileID: 0}
  m_PrefabInternal: {fileID: 100100000}
  serializedVersion: 6
  m_Component:
  - component: {fileID: 400146}
  m_Layer: 0
  m_Name: Bip02 L Toe0Nub
  m_TagString: Untagged
  m_Icon: {fileID: 0}
  m_NavMeshLayer: 0
  m_StaticEditorFlags: 0
  m_IsActive: 1
--- !u!1 &100166
GameObject:
  m_ObjectHideFlags: 1
  m_CorrespondingSourceObject: {fileID: 0}
  m_PrefabInternal: {fileID: 100100000}
  serializedVersion: 6
  m_Component:
  - component: {fileID: 400148}
  m_Layer: 0
  m_Name: Bip02 L Toe0
  m_TagString: Untagged
  m_Icon: {fileID: 0}
  m_NavMeshLayer: 0
  m_StaticEditorFlags: 0
  m_IsActive: 1
--- !u!1 &100168
GameObject:
  m_ObjectHideFlags: 1
  m_CorrespondingSourceObject: {fileID: 0}
  m_PrefabInternal: {fileID: 100100000}
  serializedVersion: 6
  m_Component:
  - component: {fileID: 400150}
  m_Layer: 0
  m_Name: Bip02 L Foot
  m_TagString: Untagged
  m_Icon: {fileID: 0}
  m_NavMeshLayer: 0
  m_StaticEditorFlags: 0
  m_IsActive: 1
--- !u!1 &100170
GameObject:
  m_ObjectHideFlags: 1
  m_CorrespondingSourceObject: {fileID: 0}
  m_PrefabInternal: {fileID: 100100000}
  serializedVersion: 6
  m_Component:
  - component: {fileID: 400152}
  m_Layer: 0
  m_Name: Bip02 L Calf
  m_TagString: Untagged
  m_Icon: {fileID: 0}
  m_NavMeshLayer: 0
  m_StaticEditorFlags: 0
  m_IsActive: 1
--- !u!1 &100172
GameObject:
  m_ObjectHideFlags: 1
  m_CorrespondingSourceObject: {fileID: 0}
  m_PrefabInternal: {fileID: 100100000}
  serializedVersion: 6
  m_Component:
  - component: {fileID: 400158}
  m_Layer: 0
  m_Name: Bip02 L Thigh
  m_TagString: Untagged
  m_Icon: {fileID: 0}
  m_NavMeshLayer: 0
  m_StaticEditorFlags: 0
  m_IsActive: 1
--- !u!1 &100174
GameObject:
  m_ObjectHideFlags: 1
  m_CorrespondingSourceObject: {fileID: 0}
  m_PrefabInternal: {fileID: 100100000}
  serializedVersion: 6
  m_Component:
  - component: {fileID: 400174}
  m_Layer: 0
  m_Name: Bip02 Spine
  m_TagString: Untagged
  m_Icon: {fileID: 0}
  m_NavMeshLayer: 0
  m_StaticEditorFlags: 0
  m_IsActive: 1
--- !u!1 &100176
GameObject:
  m_ObjectHideFlags: 1
  m_CorrespondingSourceObject: {fileID: 0}
  m_PrefabInternal: {fileID: 100100000}
  serializedVersion: 6
  m_Component:
  - component: {fileID: 400176}
  m_Layer: 0
  m_Name: Bip02 Pelvis
  m_TagString: Untagged
  m_Icon: {fileID: 0}
  m_NavMeshLayer: 0
  m_StaticEditorFlags: 0
  m_IsActive: 1
--- !u!1 &100178
GameObject:
  m_ObjectHideFlags: 1
  m_CorrespondingSourceObject: {fileID: 0}
  m_PrefabInternal: {fileID: 100100000}
  serializedVersion: 6
  m_Component:
  - component: {fileID: 400178}
  m_Layer: 0
  m_Name: Bip02 Footsteps
  m_TagString: Untagged
  m_Icon: {fileID: 0}
  m_NavMeshLayer: 0
  m_StaticEditorFlags: 0
  m_IsActive: 1
--- !u!1 &100180
GameObject:
  m_ObjectHideFlags: 0
  m_CorrespondingSourceObject: {fileID: 0}
  m_PrefabInternal: {fileID: 100100000}
  serializedVersion: 6
  m_Component:
  - component: {fileID: 400180}
  - component: {fileID: 13700000}
  m_Layer: 0
  m_Name: ts_nchr012_body
  m_TagString: Untagged
  m_Icon: {fileID: 0}
  m_NavMeshLayer: 0
  m_StaticEditorFlags: 0
  m_IsActive: 1
--- !u!1 &100182
GameObject:
  m_ObjectHideFlags: 0
  m_CorrespondingSourceObject: {fileID: 0}
  m_PrefabInternal: {fileID: 100100000}
  serializedVersion: 6
  m_Component:
  - component: {fileID: 400182}
  m_Layer: 0
  m_Name: Bip02
  m_TagString: Untagged
  m_Icon: {fileID: 0}
  m_NavMeshLayer: 0
  m_StaticEditorFlags: 0
  m_IsActive: 1
--- !u!1 &100184
GameObject:
  m_ObjectHideFlags: 0
  m_CorrespondingSourceObject: {fileID: 0}
  m_PrefabInternal: {fileID: 100100000}
  serializedVersion: 6
  m_Component:
  - component: {fileID: 400184}
  - component: {fileID: 9500000}
  m_Layer: 0
  m_Name: ts_body08
  m_TagString: Untagged
  m_Icon: {fileID: 0}
  m_NavMeshLayer: 0
  m_StaticEditorFlags: 0
  m_IsActive: 1
--- !u!4 &400000
Transform:
  m_ObjectHideFlags: 1
  m_CorrespondingSourceObject: {fileID: 0}
  m_PrefabInternal: {fileID: 100100000}
  m_GameObject: {fileID: 100000}
  m_LocalRotation: {x: -0.00000047691566, y: -0.0000000068449033, z: -0.00878291,
    w: 0.99996144}
  m_LocalPosition: {x: -0.18446803, y: 0, z: 2.1316282e-14}
  m_LocalScale: {x: 1, y: 1, z: 1}
  m_Children: []
  m_Father: {fileID: 400002}
  m_RootOrder: 0
  m_LocalEulerAnglesHint: {x: 0, y: 0, z: 0}
--- !u!4 &400002
Transform:
  m_ObjectHideFlags: 1
  m_CorrespondingSourceObject: {fileID: 0}
  m_PrefabInternal: {fileID: 100100000}
  m_GameObject: {fileID: 100002}
  m_LocalRotation: {x: -2.4324117e-11, y: -0.000000015894756, z: -0.0015303218, w: 0.99999887}
  m_LocalPosition: {x: -0.1755313, y: -0.00000011920929, z: -0.0000000055791958}
  m_LocalScale: {x: 1, y: 1, z: 1}
  m_Children:
  - {fileID: 400000}
  m_Father: {fileID: 400160}
  m_RootOrder: 0
  m_LocalEulerAnglesHint: {x: 0, y: 0, z: 0}
--- !u!4 &400004
Transform:
  m_ObjectHideFlags: 1
  m_CorrespondingSourceObject: {fileID: 0}
  m_PrefabInternal: {fileID: 100100000}
  m_GameObject: {fileID: 100006}
  m_LocalRotation: {x: -0.00020199806, y: -0.0032933988, z: -0.000019524654, w: 0.9999946}
  m_LocalPosition: {x: -0.22446811, y: -0.000000044703484, z: 0.00000017881393}
  m_LocalScale: {x: 0.9999999, y: 0.9999999, z: 0.9999998}
  m_Children: []
  m_Father: {fileID: 400006}
  m_RootOrder: 0
  m_LocalEulerAnglesHint: {x: 0, y: 0, z: 0}
--- !u!4 &400006
Transform:
  m_ObjectHideFlags: 1
  m_CorrespondingSourceObject: {fileID: 0}
  m_PrefabInternal: {fileID: 100100000}
  m_GameObject: {fileID: 100008}
  m_LocalRotation: {x: 0.00016921626, y: -0.009895571, z: 0.0048051, w: 0.9999395}
  m_LocalPosition: {x: -0.19602895, y: 0.00000016391277, z: -0.000000059604645}
  m_LocalScale: {x: 1.0000001, y: 0.99999994, z: 1.0000001}
  m_Children:
  - {fileID: 400004}
  m_Father: {fileID: 400162}
  m_RootOrder: 0
  m_LocalEulerAnglesHint: {x: 0, y: 0, z: 0}
--- !u!4 &400008
Transform:
  m_ObjectHideFlags: 1
  m_CorrespondingSourceObject: {fileID: 0}
  m_PrefabInternal: {fileID: 100100000}
  m_GameObject: {fileID: 100012}
  m_LocalRotation: {x: 0.00020220366, y: -0.0032934058, z: 0.000019745125, w: 0.9999946}
  m_LocalPosition: {x: -0.22446823, y: 0.000000029802322, z: 0}
  m_LocalScale: {x: 1, y: 1, z: 0.99999994}
  m_Children: []
  m_Father: {fileID: 400010}
  m_RootOrder: 0
  m_LocalEulerAnglesHint: {x: 0, y: 0, z: 0}
--- !u!4 &400010
Transform:
  m_ObjectHideFlags: 1
  m_CorrespondingSourceObject: {fileID: 0}
  m_PrefabInternal: {fileID: 100100000}
  m_GameObject: {fileID: 100014}
  m_LocalRotation: {x: -0.00016959994, y: -0.009895571, z: -0.0048052357, w: 0.9999395}
  m_LocalPosition: {x: -0.196029, y: -0.00000020861626, z: 0}
  m_LocalScale: {x: 0.99999994, y: 0.9999999, z: 1}
  m_Children:
  - {fileID: 400008}
  m_Father: {fileID: 400164}
  m_RootOrder: 0
  m_LocalEulerAnglesHint: {x: 0, y: 0, z: 0}
--- !u!4 &400012
Transform:
  m_ObjectHideFlags: 1
  m_CorrespondingSourceObject: {fileID: 0}
  m_PrefabInternal: {fileID: 100100000}
  m_GameObject: {fileID: 100018}
  m_LocalRotation: {x: -0.00020242667, y: -0.0007026049, z: -0.000019213394, w: 0.99999976}
  m_LocalPosition: {x: -0.22446823, y: 0.000000045634806, z: 0.00000008940697}
  m_LocalScale: {x: 0.99999976, y: 1, z: 0.99999964}
  m_Children: []
  m_Father: {fileID: 400014}
  m_RootOrder: 0
  m_LocalEulerAnglesHint: {x: 0, y: 0, z: 0}
--- !u!4 &400014
Transform:
  m_ObjectHideFlags: 1
  m_CorrespondingSourceObject: {fileID: 0}
  m_PrefabInternal: {fileID: 100100000}
  m_GameObject: {fileID: 100020}
  m_LocalRotation: {x: 0.000053184525, y: 0.006041084, z: 0.011598565, w: 0.9999145}
  m_LocalPosition: {x: -0.19602895, y: 0.0000002165325, z: -0.00000008940697}
  m_LocalScale: {x: 1.0000002, y: 1, z: 1.0000001}
  m_Children:
  - {fileID: 400012}
  m_Father: {fileID: 400166}
  m_RootOrder: 0
  m_LocalEulerAnglesHint: {x: 0, y: 0, z: 0}
--- !u!4 &400016
Transform:
  m_ObjectHideFlags: 1
  m_CorrespondingSourceObject: {fileID: 0}
  m_PrefabInternal: {fileID: 100100000}
  m_GameObject: {fileID: 100024}
  m_LocalRotation: {x: 0.00020218226, y: -0.00070268643, z: 0.000019171785, w: 0.99999976}
  m_LocalPosition: {x: -0.22446817, y: -0.000000014901161, z: -0.00000008940697}
  m_LocalScale: {x: 1.0000002, y: 1.0000001, z: 0.99999994}
  m_Children: []
  m_Father: {fileID: 400018}
  m_RootOrder: 0
  m_LocalEulerAnglesHint: {x: 0, y: 0, z: 0}
--- !u!4 &400018
Transform:
  m_ObjectHideFlags: 1
  m_CorrespondingSourceObject: {fileID: 0}
  m_PrefabInternal: {fileID: 100100000}
  m_GameObject: {fileID: 100026}
  m_LocalRotation: {x: -0.00005296822, y: 0.0060411287, z: -0.011598488, w: 0.9999145}
  m_LocalPosition: {x: -0.196029, y: -0.0000002081506, z: -0.000000029802322}
  m_LocalScale: {x: 0.9999999, y: 0.99999994, z: 1}
  m_Children:
  - {fileID: 400016}
  m_Father: {fileID: 400168}
  m_RootOrder: 0
  m_LocalEulerAnglesHint: {x: 0, y: 0, z: 0}
--- !u!4 &400020
Transform:
  m_ObjectHideFlags: 1
  m_CorrespondingSourceObject: {fileID: 0}
  m_PrefabInternal: {fileID: 100100000}
  m_GameObject: {fileID: 100030}
  m_LocalRotation: {x: 0.00020223454, y: -0.0032934605, z: 0.0000196968, w: 0.9999946}
  m_LocalPosition: {x: -0.22446823, y: -0.000000022351742, z: -0.000000059604645}
  m_LocalScale: {x: 1.0000002, y: 1.0000001, z: 0.99999994}
  m_Children: []
  m_Father: {fileID: 400022}
  m_RootOrder: 0
  m_LocalEulerAnglesHint: {x: 0, y: 0, z: 0}
--- !u!4 &400022
Transform:
  m_ObjectHideFlags: 1
  m_CorrespondingSourceObject: {fileID: 0}
  m_PrefabInternal: {fileID: 100100000}
  m_GameObject: {fileID: 100032}
  m_LocalRotation: {x: -0.00013912348, y: -0.0033512416, z: -0.004804784, w: 0.99998283}
  m_LocalPosition: {x: -0.19602913, y: -0.00000020861626, z: 0}
  m_LocalScale: {x: 0.9999999, y: 0.99999994, z: 1}
  m_Children:
  - {fileID: 400020}
  m_Father: {fileID: 400170}
  m_RootOrder: 0
  m_LocalEulerAnglesHint: {x: 0, y: 0, z: 0}
--- !u!4 &400024
Transform:
  m_ObjectHideFlags: 1
  m_CorrespondingSourceObject: {fileID: 0}
  m_PrefabInternal: {fileID: 100100000}
  m_GameObject: {fileID: 100036}
  m_LocalRotation: {x: -0.00020248222, y: -0.0032934435, z: -0.000019757217, w: 0.9999946}
  m_LocalPosition: {x: -0.22446811, y: 0.000000014901161, z: 0}
  m_LocalScale: {x: 1, y: 1, z: 1}
  m_Children: []
  m_Father: {fileID: 400026}
  m_RootOrder: 0
  m_LocalEulerAnglesHint: {x: 0, y: 0, z: 0}
--- !u!4 &400026
Transform:
  m_ObjectHideFlags: 1
  m_CorrespondingSourceObject: {fileID: 0}
  m_PrefabInternal: {fileID: 100100000}
  m_GameObject: {fileID: 100038}
  m_LocalRotation: {x: 0.00013928571, y: -0.0033513075, z: 0.0048047486, w: 0.99998283}
  m_LocalPosition: {x: -0.19602907, y: 0.00000020861626, z: 0}
  m_LocalScale: {x: 1, y: 1, z: 1}
  m_Children:
  - {fileID: 400024}
  m_Father: {fileID: 400172}
  m_RootOrder: 0
  m_LocalEulerAnglesHint: {x: 0, y: 0, z: 0}
--- !u!4 &400028
Transform:
  m_ObjectHideFlags: 1
  m_CorrespondingSourceObject: {fileID: 0}
  m_PrefabInternal: {fileID: 100100000}
  m_GameObject: {fileID: 100048}
  m_LocalRotation: {x: 1.1405413e-25, y: 0.0000000018626451, z: 1, w: 6.123234e-17}
  m_LocalPosition: {x: -0.026184171, y: 0, z: 0.0000000037252903}
  m_LocalScale: {x: -1, y: -1, z: -1}
  m_Children: []
  m_Father: {fileID: 400030}
  m_RootOrder: 0
  m_LocalEulerAnglesHint: {x: 0, y: 0, z: 0}
--- !u!4 &400030
Transform:
  m_ObjectHideFlags: 1
  m_CorrespondingSourceObject: {fileID: 0}
  m_PrefabInternal: {fileID: 100100000}
  m_GameObject: {fileID: 100050}
  m_LocalRotation: {x: 0.0000000019302528, y: 0.0000000017924888, z: -0.03698081,
    w: 0.999316}
  m_LocalPosition: {x: -0.019197017, y: 0, z: -0.0000000037252903}
  m_LocalScale: {x: 1.0000001, y: 1.0000001, z: 1.0000001}
  m_Children:
  - {fileID: 400028}
  m_Father: {fileID: 400032}
  m_RootOrder: 0
  m_LocalEulerAnglesHint: {x: 0, y: 0, z: 0}
--- !u!4 &400032
Transform:
  m_ObjectHideFlags: 1
  m_CorrespondingSourceObject: {fileID: 0}
  m_PrefabInternal: {fileID: 100100000}
  m_GameObject: {fileID: 100052}
  m_LocalRotation: {x: 9.312794e-10, y: 8.959399e-12, z: 0.009620083, w: 0.99995375}
  m_LocalPosition: {x: -0.023538738, y: 0.00000011920929, z: 0.000000011175871}
  m_LocalScale: {x: 1.0000001, y: 1.0000001, z: 1}
  m_Children:
  - {fileID: 400030}
  m_Father: {fileID: 400058}
  m_RootOrder: 0
  m_LocalEulerAnglesHint: {x: 0, y: 0, z: 0}
--- !u!4 &400034
Transform:
  m_ObjectHideFlags: 1
  m_CorrespondingSourceObject: {fileID: 0}
  m_PrefabInternal: {fileID: 100100000}
  m_GameObject: {fileID: 100056}
  m_LocalRotation: {x: 0.0000000018626451, y: -0.0000000018626451, z: 1, w: -0.000000029802322}
  m_LocalPosition: {x: -0.027911544, y: 0, z: 0}
  m_LocalScale: {x: -1, y: -0.99999994, z: -1}
  m_Children: []
  m_Father: {fileID: 400036}
  m_RootOrder: 0
  m_LocalEulerAnglesHint: {x: 0, y: 0, z: 0}
--- !u!4 &400036
Transform:
  m_ObjectHideFlags: 1
  m_CorrespondingSourceObject: {fileID: 0}
  m_PrefabInternal: {fileID: 100100000}
  m_GameObject: {fileID: 100058}
  m_LocalRotation: {x: 1.28323185e-11, y: 0.000000001862601, z: -0.006889298, w: 0.9999763}
  m_LocalPosition: {x: -0.022416085, y: 0, z: -0.000000007450581}
  m_LocalScale: {x: 1, y: 0.9999999, z: 1}
  m_Children:
  - {fileID: 400034}
  m_Father: {fileID: 400038}
  m_RootOrder: 0
  m_LocalEulerAnglesHint: {x: 0, y: 0, z: 0}
--- !u!4 &400038
Transform:
  m_ObjectHideFlags: 1
  m_CorrespondingSourceObject: {fileID: 0}
  m_PrefabInternal: {fileID: 100100000}
  m_GameObject: {fileID: 100060}
  m_LocalRotation: {x: 0.0000000018698165, y: -0.0000000018554464, z: 0.0038575227,
    w: 0.99999255}
  m_LocalPosition: {x: -0.03085962, y: -0.00000011920929, z: -0.000000007450581}
  m_LocalScale: {x: 0.9999998, y: 1, z: 0.99999994}
  m_Children:
  - {fileID: 400036}
  m_Father: {fileID: 400060}
  m_RootOrder: 0
  m_LocalEulerAnglesHint: {x: 0, y: 0, z: 0}
--- !u!4 &400040
Transform:
  m_ObjectHideFlags: 1
  m_CorrespondingSourceObject: {fileID: 0}
  m_PrefabInternal: {fileID: 100100000}
  m_GameObject: {fileID: 100064}
  m_LocalRotation: {x: -5.702707e-26, y: -9.313227e-10, z: 1, w: 6.123234e-17}
  m_LocalPosition: {x: -0.030325204, y: 0, z: 0.0000000018626451}
  m_LocalScale: {x: -1, y: -0.9999999, z: -0.99999994}
  m_Children: []
  m_Father: {fileID: 400042}
  m_RootOrder: 0
  m_LocalEulerAnglesHint: {x: 0, y: 0, z: 0}
--- !u!4 &400042
Transform:
  m_ObjectHideFlags: 1
  m_CorrespondingSourceObject: {fileID: 0}
  m_PrefabInternal: {fileID: 100100000}
  m_GameObject: {fileID: 100066}
  m_LocalRotation: {x: 9.3131264e-10, y: 4.3064072e-12, z: 0.004623969, w: 0.99998933}
  m_LocalPosition: {x: -0.022372454, y: -0.00000011920929, z: 0}
  m_LocalScale: {x: 0.99999994, y: 0.99999994, z: 1}
  m_Children:
  - {fileID: 400040}
  m_Father: {fileID: 400044}
  m_RootOrder: 0
  m_LocalEulerAnglesHint: {x: 0, y: 0, z: 0}
--- !u!4 &400044
Transform:
  m_ObjectHideFlags: 1
  m_CorrespondingSourceObject: {fileID: 0}
  m_PrefabInternal: {fileID: 100100000}
  m_GameObject: {fileID: 100068}
  m_LocalRotation: {x: -0.0000000027935274, y: 4.959531e-11, z: -0.017750854, w: 0.99984246}
  m_LocalPosition: {x: -0.03368783, y: 0, z: 0}
  m_LocalScale: {x: 1, y: 1, z: 1}
  m_Children:
  - {fileID: 400042}
  m_Father: {fileID: 400062}
  m_RootOrder: 0
  m_LocalEulerAnglesHint: {x: 0, y: 0, z: 0}
--- !u!4 &400046
Transform:
  m_ObjectHideFlags: 1
  m_CorrespondingSourceObject: {fileID: 0}
  m_PrefabInternal: {fileID: 100100000}
  m_GameObject: {fileID: 100072}
  m_LocalRotation: {x: -1.3877788e-17, y: -9.313226e-10, z: 1, w: 0.000000014901161}
  m_LocalPosition: {x: -0.030032486, y: 0, z: 0}
  m_LocalScale: {x: -1, y: -1, z: -1}
  m_Children: []
  m_Father: {fileID: 400048}
  m_RootOrder: 0
  m_LocalEulerAnglesHint: {x: 0, y: 0, z: 0}
--- !u!4 &400048
Transform:
  m_ObjectHideFlags: 1
  m_CorrespondingSourceObject: {fileID: 0}
  m_PrefabInternal: {fileID: 100100000}
  m_GameObject: {fileID: 100074}
  m_LocalRotation: {x: -9.331579e-10, y: 9.294837e-10, z: 0.00197256, w: 0.9999981}
  m_LocalPosition: {x: -0.020081908, y: 0, z: 0.0000000037252903}
  m_LocalScale: {x: 1, y: 1.0000001, z: 1}
  m_Children:
  - {fileID: 400046}
  m_Father: {fileID: 400050}
  m_RootOrder: 0
  m_LocalEulerAnglesHint: {x: 0, y: 0, z: 0}
--- !u!4 &400050
Transform:
  m_ObjectHideFlags: 1
  m_CorrespondingSourceObject: {fileID: 0}
  m_PrefabInternal: {fileID: 100100000}
  m_GameObject: {fileID: 100076}
  m_LocalRotation: {x: -0.0000000018624864, y: -2.4319591e-11, z: 0.013056481, w: 0.99991477}
  m_LocalPosition: {x: -0.029279023, y: 0, z: -0.0000000037252903}
  m_LocalScale: {x: 1.0000001, y: 1, z: 1}
  m_Children:
  - {fileID: 400048}
  m_Father: {fileID: 400064}
  m_RootOrder: 0
  m_LocalEulerAnglesHint: {x: 0, y: 0, z: 0}
--- !u!4 &400052
Transform:
  m_ObjectHideFlags: 1
  m_CorrespondingSourceObject: {fileID: 0}
  m_PrefabInternal: {fileID: 100100000}
  m_GameObject: {fileID: 100080}
  m_LocalRotation: {x: 0.000000014901161, y: -0.000000014901161, z: 1, w: -0.000000014901161}
  m_LocalPosition: {x: -0.030681998, y: 0, z: 0}
  m_LocalScale: {x: -1, y: -1, z: -1.0000001}
  m_Children: []
  m_Father: {fileID: 400054}
  m_RootOrder: 0
  m_LocalEulerAnglesHint: {x: 0, y: 0, z: 0}
--- !u!4 &400054
Transform:
  m_ObjectHideFlags: 1
  m_CorrespondingSourceObject: {fileID: 0}
  m_PrefabInternal: {fileID: 100100000}
  m_GameObject: {fileID: 100082}
  m_LocalRotation: {x: -0.000000014889799, y: -5.8181615e-10, z: 0.03904502, w: 0.9992375}
  m_LocalPosition: {x: -0.022736639, y: 0.000000029802322, z: 0}
  m_LocalScale: {x: 1.0000001, y: 0.99999994, z: 1}
  m_Children:
  - {fileID: 400052}
  m_Father: {fileID: 400056}
  m_RootOrder: 0
  m_LocalEulerAnglesHint: {x: 0, y: 0, z: 0}
--- !u!4 &400056
Transform:
  m_ObjectHideFlags: 1
  m_CorrespondingSourceObject: {fileID: 0}
  m_PrefabInternal: {fileID: 100100000}
  m_GameObject: {fileID: 100084}
  m_LocalRotation: {x: 5.715474e-10, y: 0.000000014890198, z: -0.038355894, w: 0.9992642}
  m_LocalPosition: {x: -0.035746455, y: -0.000000029802322, z: 0}
  m_LocalScale: {x: 0.9999999, y: 1, z: 0.99999994}
  m_Children:
  - {fileID: 400054}
  m_Father: {fileID: 400066}
  m_RootOrder: 0
  m_LocalEulerAnglesHint: {x: 0, y: 0, z: 0}
--- !u!4 &400058
Transform:
  m_ObjectHideFlags: 1
  m_CorrespondingSourceObject: {fileID: 0}
  m_PrefabInternal: {fileID: 100100000}
  m_GameObject: {fileID: 100054}
  m_LocalRotation: {x: 0.009847657, y: 0.0057490957, z: -0.030491728, w: 0.99947}
  m_LocalPosition: {x: -0.07872015, y: 0.0018630028, z: -0.024250649}
  m_LocalScale: {x: 0.9999998, y: 0.99999994, z: 1.0000001}
  m_Children:
  - {fileID: 400032}
  m_Father: {fileID: 400068}
  m_RootOrder: 4
  m_LocalEulerAnglesHint: {x: 0, y: 0, z: 0}
--- !u!4 &400060
Transform:
  m_ObjectHideFlags: 1
  m_CorrespondingSourceObject: {fileID: 0}
  m_PrefabInternal: {fileID: 100100000}
  m_GameObject: {fileID: 100062}
  m_LocalRotation: {x: -0.022379294, y: 0.023972224, z: -0.03617649, w: 0.9988072}
  m_LocalPosition: {x: -0.075801075, y: -0.00024282932, z: -0.009457152}
  m_LocalScale: {x: 1, y: 1.0000001, z: 1}
  m_Children:
  - {fileID: 400038}
  m_Father: {fileID: 400068}
  m_RootOrder: 3
  m_LocalEulerAnglesHint: {x: 0, y: 0, z: 0}
--- !u!4 &400062
Transform:
  m_ObjectHideFlags: 1
  m_CorrespondingSourceObject: {fileID: 0}
  m_PrefabInternal: {fileID: 100100000}
  m_GameObject: {fileID: 100070}
  m_LocalRotation: {x: 0.014665065, y: 0.04650096, z: -0.017979523, w: 0.99864876}
  m_LocalPosition: {x: -0.07680333, y: -0.0038862228, z: 0.007452257}
  m_LocalScale: {x: 1.0000001, y: 0.9999998, z: 1}
  m_Children:
  - {fileID: 400044}
  m_Father: {fileID: 400068}
  m_RootOrder: 2
  m_LocalEulerAnglesHint: {x: 0, y: 0, z: 0}
--- !u!4 &400064
Transform:
  m_ObjectHideFlags: 1
  m_CorrespondingSourceObject: {fileID: 0}
  m_PrefabInternal: {fileID: 100100000}
  m_GameObject: {fileID: 100078}
  m_LocalRotation: {x: -0.030071385, y: 0.05043141, z: -0.03609246, w: 0.9976221}
  m_LocalPosition: {x: -0.077230036, y: -0.0037862062, z: 0.02393743}
  m_LocalScale: {x: 1.0000002, y: 0.99999994, z: 0.99999994}
  m_Children:
  - {fileID: 400050}
  m_Father: {fileID: 400068}
  m_RootOrder: 1
  m_LocalEulerAnglesHint: {x: 0, y: 0, z: 0}
--- !u!4 &400066
Transform:
  m_ObjectHideFlags: 1
  m_CorrespondingSourceObject: {fileID: 0}
  m_PrefabInternal: {fileID: 100100000}
  m_GameObject: {fileID: 100086}
  m_LocalRotation: {x: -0.5647341, y: 0.21300541, z: 0.11452836, w: 0.7890421}
  m_LocalPosition: {x: -0.013221532, y: 0.011685133, z: 0.022823941}
  m_LocalScale: {x: 0.99999976, y: 0.9999998, z: 0.99999976}
  m_Children:
  - {fileID: 400056}
  m_Father: {fileID: 400068}
  m_RootOrder: 0
  m_LocalEulerAnglesHint: {x: 0, y: 0, z: 0}
--- !u!4 &400068
Transform:
  m_ObjectHideFlags: 1
  m_CorrespondingSourceObject: {fileID: 0}
  m_PrefabInternal: {fileID: 100100000}
  m_GameObject: {fileID: 100088}
  m_LocalRotation: {x: 0.6300927, y: -0.10264416, z: 0.04241074, w: 0.76853675}
  m_LocalPosition: {x: -0.2502097, y: -0.000000014901161, z: 0}
  m_LocalScale: {x: 0.99999994, y: 0.99999994, z: 0.9999999}
  m_Children:
  - {fileID: 400066}
  - {fileID: 400064}
  - {fileID: 400062}
  - {fileID: 400060}
  - {fileID: 400058}
  m_Father: {fileID: 400070}
  m_RootOrder: 0
  m_LocalEulerAnglesHint: {x: 0, y: 0, z: 0}
--- !u!4 &400070
Transform:
  m_ObjectHideFlags: 1
  m_CorrespondingSourceObject: {fileID: 0}
  m_PrefabInternal: {fileID: 100100000}
  m_GameObject: {fileID: 100090}
  m_LocalRotation: {x: -0.0000000058112497, y: -0.00000004494599, z: 0.036559798,
    w: 0.9993315}
  m_LocalPosition: {x: -0.2311554, y: -0.000000014901161, z: 0}
  m_LocalScale: {x: 1, y: 1, z: 1}
  m_Children:
  - {fileID: 400068}
  m_Father: {fileID: 400074}
  m_RootOrder: 0
  m_LocalEulerAnglesHint: {x: 0, y: 0, z: 0}
--- !u!4 &400072
Transform:
  m_ObjectHideFlags: 1
  m_CorrespondingSourceObject: {fileID: 0}
  m_PrefabInternal: {fileID: 100100000}
  m_GameObject: {fileID: 100046}
  m_LocalRotation: {x: 0.9444662, y: 0.052965667, z: 0.3237227, w: 0.019543193}
  m_LocalPosition: {x: -0.06148064, y: 0.0034278035, z: -0.0021711588}
  m_LocalScale: {x: 1, y: 1, z: 0.9999998}
  m_Children: []
  m_Father: {fileID: 400126}
  m_RootOrder: 1
  m_LocalEulerAnglesHint: {x: 0, y: 0, z: 0}
--- !u!4 &400074
Transform:
  m_ObjectHideFlags: 1
  m_CorrespondingSourceObject: {fileID: 0}
  m_PrefabInternal: {fileID: 100100000}
  m_GameObject: {fileID: 100092}
  m_LocalRotation: {x: 0.017951882, y: 0.315064, z: -0.0699278, w: 0.94632053}
  m_LocalPosition: {x: -0.06617126, y: 0.000000014901161, z: -0.00000011920929}
  m_LocalScale: {x: 0.99999994, y: 1.0000001, z: 1}
  m_Children:
  - {fileID: 400070}
  m_Father: {fileID: 400126}
  m_RootOrder: 0
  m_LocalEulerAnglesHint: {x: 0, y: 0, z: 0}
--- !u!4 &400076
Transform:
  m_ObjectHideFlags: 1
  m_CorrespondingSourceObject: {fileID: 0}
  m_PrefabInternal: {fileID: 100100000}
  m_GameObject: {fileID: 100098}
  m_LocalRotation: {x: 9.313226e-10, y: -0.0000000037252903, z: 3.469447e-18, w: 1}
  m_LocalPosition: {x: -0.026184082, y: 0, z: -0.0000000037252903}
  m_LocalScale: {x: 1, y: 1, z: 0.99999994}
  m_Children: []
  m_Father: {fileID: 400078}
  m_RootOrder: 0
  m_LocalEulerAnglesHint: {x: 0, y: 0, z: 0}
--- !u!4 &400078
Transform:
  m_ObjectHideFlags: 1
  m_CorrespondingSourceObject: {fileID: 0}
  m_PrefabInternal: {fileID: 100100000}
  m_GameObject: {fileID: 100100}
  m_LocalRotation: {x: 9.3068536e-10, y: -3.4441058e-11, z: -0.03698081, w: 0.999316}
  m_LocalPosition: {x: -0.019197017, y: 0, z: 0}
  m_LocalScale: {x: 1.0000001, y: 1.0000002, z: 1.0000001}
  m_Children:
  - {fileID: 400076}
  m_Father: {fileID: 400080}
  m_RootOrder: 0
  m_LocalEulerAnglesHint: {x: 0, y: 0, z: 0}
--- !u!4 &400080
Transform:
  m_ObjectHideFlags: 1
  m_CorrespondingSourceObject: {fileID: 0}
  m_PrefabInternal: {fileID: 100100000}
  m_GameObject: {fileID: 100102}
  m_LocalRotation: {x: 2.6878246e-11, y: -0.0000000027938385, z: 0.009620098, w: 0.99995375}
  m_LocalPosition: {x: -0.023538738, y: 0, z: 0.0000000037252903}
  m_LocalScale: {x: 0.99999994, y: 0.99999994, z: 0.99999994}
  m_Children:
  - {fileID: 400078}
  m_Father: {fileID: 400106}
  m_RootOrder: 0
  m_LocalEulerAnglesHint: {x: 0, y: 0, z: 0}
--- !u!4 &400082
Transform:
  m_ObjectHideFlags: 1
  m_CorrespondingSourceObject: {fileID: 0}
  m_PrefabInternal: {fileID: 100100000}
  m_GameObject: {fileID: 100106}
  m_LocalRotation: {x: 0.0000000018626454, y: -2.775558e-17, z: -0.000000014901161,
    w: 1}
  m_LocalPosition: {x: -0.027911574, y: 0, z: 0}
  m_LocalScale: {x: 1, y: 0.99999994, z: 0.99999994}
  m_Children: []
  m_Father: {fileID: 400084}
  m_RootOrder: 0
  m_LocalEulerAnglesHint: {x: 0, y: 0, z: 0}
--- !u!4 &400084
Transform:
  m_ObjectHideFlags: 1
  m_CorrespondingSourceObject: {fileID: 0}
  m_PrefabInternal: {fileID: 100100000}
  m_GameObject: {fileID: 100108}
  m_LocalRotation: {x: 0.0000000018497688, y: -0.0000000018754334, z: -0.006889283,
    w: 0.9999763}
  m_LocalPosition: {x: -0.022416085, y: 0, z: 0}
  m_LocalScale: {x: 1, y: 0.99999994, z: 0.99999994}
  m_Children:
  - {fileID: 400082}
  m_Father: {fileID: 400086}
  m_RootOrder: 0
  m_LocalEulerAnglesHint: {x: 0, y: 0, z: 0}
--- !u!4 &400086
Transform:
  m_ObjectHideFlags: 1
  m_CorrespondingSourceObject: {fileID: 0}
  m_PrefabInternal: {fileID: 100100000}
  m_GameObject: {fileID: 100110}
  m_LocalRotation: {x: -7.1852233e-12, y: 0.0000000018626314, z: 0.0038575372, w: 0.99999255}
  m_LocalPosition: {x: -0.03085965, y: 0, z: 0}
  m_LocalScale: {x: 0.99999994, y: 1.0000001, z: 0.99999994}
  m_Children:
  - {fileID: 400084}
  m_Father: {fileID: 400108}
  m_RootOrder: 0
  m_LocalEulerAnglesHint: {x: 0, y: 0, z: 0}
--- !u!4 &400088
Transform:
  m_ObjectHideFlags: 1
  m_CorrespondingSourceObject: {fileID: 0}
  m_PrefabInternal: {fileID: 100100000}
  m_GameObject: {fileID: 100114}
  m_LocalRotation: {x: -9.313226e-10, y: -2.7755572e-17, z: 0.000000029802319, w: 1}
  m_LocalPosition: {x: -0.030325174, y: -0.00000011920929, z: -0.0000000018626451}
  m_LocalScale: {x: 1.0000001, y: 1, z: 1}
  m_Children: []
  m_Father: {fileID: 400090}
  m_RootOrder: 0
  m_LocalEulerAnglesHint: {x: 0, y: 0, z: 0}
--- !u!4 &400090
Transform:
  m_ObjectHideFlags: 1
  m_CorrespondingSourceObject: {fileID: 0}
  m_PrefabInternal: {fileID: 100100000}
  m_GameObject: {fileID: 100116}
  m_LocalRotation: {x: -9.3131264e-10, y: -4.3064207e-12, z: 0.004623984, w: 0.99998933}
  m_LocalPosition: {x: -0.022372425, y: 0, z: 0}
  m_LocalScale: {x: 1, y: 0.99999994, z: 1}
  m_Children:
  - {fileID: 400088}
  m_Father: {fileID: 400092}
  m_RootOrder: 0
  m_LocalEulerAnglesHint: {x: 0, y: 0, z: 0}
--- !u!4 &400092
Transform:
  m_ObjectHideFlags: 1
  m_CorrespondingSourceObject: {fileID: 0}
  m_PrefabInternal: {fileID: 100100000}
  m_GameObject: {fileID: 100118}
  m_LocalRotation: {x: -9.477075e-10, y: -9.1464397e-10, z: -0.017750839, w: 0.99984246}
  m_LocalPosition: {x: -0.0336878, y: 0, z: 0}
  m_LocalScale: {x: 1.0000001, y: 1.0000001, z: 1.0000001}
  m_Children:
  - {fileID: 400090}
  m_Father: {fileID: 400110}
  m_RootOrder: 0
  m_LocalEulerAnglesHint: {x: 0, y: 0, z: 0}
--- !u!4 &400094
Transform:
  m_ObjectHideFlags: 1
  m_CorrespondingSourceObject: {fileID: 0}
  m_PrefabInternal: {fileID: 100100000}
  m_GameObject: {fileID: 100122}
  m_LocalRotation: {x: 0, y: 0, z: 0.000000014901161, w: 1}
  m_LocalPosition: {x: -0.030032516, y: 0, z: 0}
  m_LocalScale: {x: 1, y: 1, z: 1}
  m_Children: []
  m_Father: {fileID: 400096}
  m_RootOrder: 0
  m_LocalEulerAnglesHint: {x: 0, y: 0, z: 0}
--- !u!4 &400096
Transform:
  m_ObjectHideFlags: 1
  m_CorrespondingSourceObject: {fileID: 0}
  m_PrefabInternal: {fileID: 100100000}
  m_GameObject: {fileID: 100124}
  m_LocalRotation: {x: 0.0000000027902882, y: 0.000000001868153, z: 0.00197256, w: 0.9999981}
  m_LocalPosition: {x: -0.020081937, y: -0.00000011920929, z: 0}
  m_LocalScale: {x: 1, y: 1, z: 1}
  m_Children:
  - {fileID: 400094}
  m_Father: {fileID: 400098}
  m_RootOrder: 0
  m_LocalEulerAnglesHint: {x: 0, y: 0, z: 0}
--- !u!4 &400098
Transform:
  m_ObjectHideFlags: 1
  m_CorrespondingSourceObject: {fileID: 0}
  m_PrefabInternal: {fileID: 100100000}
  m_GameObject: {fileID: 100126}
  m_LocalRotation: {x: -0.0000000018503266, y: -9.555627e-10, z: 0.013056466, w: 0.99991477}
  m_LocalPosition: {x: -0.029278964, y: 0, z: -0.0000000037252903}
  m_LocalScale: {x: 1.0000001, y: 1, z: 0.99999994}
  m_Children:
  - {fileID: 400096}
  m_Father: {fileID: 400112}
  m_RootOrder: 0
  m_LocalEulerAnglesHint: {x: 0, y: 0, z: 0}
--- !u!4 &400100
Transform:
  m_ObjectHideFlags: 1
  m_CorrespondingSourceObject: {fileID: 0}
  m_PrefabInternal: {fileID: 100100000}
  m_GameObject: {fileID: 100130}
  m_LocalRotation: {x: 0, y: 0, z: 0.000000014901161, w: 1}
  m_LocalPosition: {x: -0.030682087, y: 0, z: 0}
  m_LocalScale: {x: 1, y: 1.0000001, z: 1}
  m_Children: []
  m_Father: {fileID: 400102}
  m_RootOrder: 0
  m_LocalEulerAnglesHint: {x: 0, y: 0, z: 0}
--- !u!4 &400102
Transform:
  m_ObjectHideFlags: 1
  m_CorrespondingSourceObject: {fileID: 0}
  m_PrefabInternal: {fileID: 100100000}
  m_GameObject: {fileID: 100132}
  m_LocalRotation: {x: 0.000000014307983, y: 0.000000015471613, z: 0.03904499, w: 0.9992375}
  m_LocalPosition: {x: -0.022736609, y: 0.000000059604645, z: 0}
  m_LocalScale: {x: 1, y: 0.99999994, z: 0.9999999}
  m_Children:
  - {fileID: 400100}
  m_Father: {fileID: 400104}
  m_RootOrder: 0
  m_LocalEulerAnglesHint: {x: 0, y: 0, z: 0}
--- !u!4 &400104
Transform:
  m_ObjectHideFlags: 1
  m_CorrespondingSourceObject: {fileID: 0}
  m_PrefabInternal: {fileID: 100100000}
  m_GameObject: {fileID: 100134}
  m_LocalRotation: {x: -0.00000003035194, y: -0.000000013747104, z: -0.03835588, w: 0.9992642}
  m_LocalPosition: {x: -0.035746485, y: -0.000000029802322, z: 0}
  m_LocalScale: {x: 0.9999999, y: 1.0000001, z: 1.0000001}
  m_Children:
  - {fileID: 400102}
  m_Father: {fileID: 400114}
  m_RootOrder: 0
  m_LocalEulerAnglesHint: {x: 0, y: 0, z: 0}
--- !u!4 &400106
Transform:
  m_ObjectHideFlags: 1
  m_CorrespondingSourceObject: {fileID: 0}
  m_PrefabInternal: {fileID: 100100000}
  m_GameObject: {fileID: 100104}
  m_LocalRotation: {x: -0.009847657, y: -0.005749095, z: -0.030491726, w: 0.99947}
  m_LocalPosition: {x: -0.07872015, y: 0.001863122, z: 0.02425066}
  m_LocalScale: {x: 0.9999999, y: 1.0000001, z: 1}
  m_Children:
  - {fileID: 400080}
  m_Father: {fileID: 400116}
  m_RootOrder: 4
  m_LocalEulerAnglesHint: {x: 0, y: 0, z: 0}
--- !u!4 &400108
Transform:
  m_ObjectHideFlags: 1
  m_CorrespondingSourceObject: {fileID: 0}
  m_PrefabInternal: {fileID: 100100000}
  m_GameObject: {fileID: 100112}
  m_LocalRotation: {x: 0.02237929, y: -0.023972223, z: -0.03617649, w: 0.9988072}
  m_LocalPosition: {x: -0.075801075, y: -0.00024271011, z: 0.009457156}
  m_LocalScale: {x: 1, y: 1.0000001, z: 1.0000001}
  m_Children:
  - {fileID: 400086}
  m_Father: {fileID: 400116}
  m_RootOrder: 3
  m_LocalEulerAnglesHint: {x: 0, y: 0, z: 0}
--- !u!4 &400110
Transform:
  m_ObjectHideFlags: 1
  m_CorrespondingSourceObject: {fileID: 0}
  m_PrefabInternal: {fileID: 100100000}
  m_GameObject: {fileID: 100120}
  m_LocalRotation: {x: -0.014665066, y: -0.046500955, z: -0.017979568, w: 0.99864876}
  m_LocalPosition: {x: -0.07680333, y: -0.0038861036, z: -0.0074522607}
  m_LocalScale: {x: 1.0000002, y: 1, z: 1}
  m_Children:
  - {fileID: 400092}
  m_Father: {fileID: 400116}
  m_RootOrder: 2
  m_LocalEulerAnglesHint: {x: 0, y: 0, z: 0}
--- !u!4 &400112
Transform:
  m_ObjectHideFlags: 1
  m_CorrespondingSourceObject: {fileID: 0}
  m_PrefabInternal: {fileID: 100100000}
  m_GameObject: {fileID: 100128}
  m_LocalRotation: {x: 0.030071378, y: -0.050431408, z: -0.036092475, w: 0.9976221}
  m_LocalPosition: {x: -0.077230036, y: -0.003786087, z: -0.023937441}
  m_LocalScale: {x: 1.0000002, y: 0.99999994, z: 0.99999994}
  m_Children:
  - {fileID: 400098}
  m_Father: {fileID: 400116}
  m_RootOrder: 1
  m_LocalEulerAnglesHint: {x: 0, y: 0, z: 0}
--- !u!4 &400114
Transform:
  m_ObjectHideFlags: 1
  m_CorrespondingSourceObject: {fileID: 0}
  m_PrefabInternal: {fileID: 100100000}
  m_GameObject: {fileID: 100136}
  m_LocalRotation: {x: 0.56473404, y: -0.21300538, z: 0.11452831, w: 0.7890421}
  m_LocalPosition: {x: -0.013221532, y: 0.011685133, z: -0.022823945}
  m_LocalScale: {x: 0.9999999, y: 0.9999998, z: 0.99999976}
  m_Children:
  - {fileID: 400104}
  m_Father: {fileID: 400116}
  m_RootOrder: 0
  m_LocalEulerAnglesHint: {x: 0, y: 0, z: 0}
--- !u!4 &400116
Transform:
  m_ObjectHideFlags: 1
  m_CorrespondingSourceObject: {fileID: 0}
  m_PrefabInternal: {fileID: 100100000}
  m_GameObject: {fileID: 100138}
  m_LocalRotation: {x: -0.6300927, y: 0.10264416, z: 0.04241073, w: 0.76853675}
  m_LocalPosition: {x: -0.2502097, y: -0.000000014901161, z: 0}
  m_LocalScale: {x: 0.99999994, y: 0.99999994, z: 1.0000001}
  m_Children:
  - {fileID: 400114}
  - {fileID: 400112}
  - {fileID: 400110}
  - {fileID: 400108}
  - {fileID: 400106}
  m_Father: {fileID: 400118}
  m_RootOrder: 0
  m_LocalEulerAnglesHint: {x: 0, y: 0, z: 0}
--- !u!4 &400118
Transform:
  m_ObjectHideFlags: 1
  m_CorrespondingSourceObject: {fileID: 0}
  m_PrefabInternal: {fileID: 100100000}
  m_GameObject: {fileID: 100140}
  m_LocalRotation: {x: 0.000000019158783, y: -0.0000000142102206, z: 0.036559787,
    w: 0.9993315}
  m_LocalPosition: {x: -0.2311554, y: 0, z: 0}
  m_LocalScale: {x: 0.99999994, y: 1, z: 0.99999994}
  m_Children:
  - {fileID: 400116}
  m_Father: {fileID: 400122}
  m_RootOrder: 0
  m_LocalEulerAnglesHint: {x: 0, y: 0, z: 0}
--- !u!4 &400120
Transform:
  m_ObjectHideFlags: 1
  m_CorrespondingSourceObject: {fileID: 0}
  m_PrefabInternal: {fileID: 100100000}
  m_GameObject: {fileID: 100096}
  m_LocalRotation: {x: 0.019542983, y: 0.32372272, z: 0.052966908, w: 0.9444661}
  m_LocalPosition: {x: -0.061674565, y: 0.0034156293, z: 0.0022089481}
  m_LocalScale: {x: 0.9999999, y: 1, z: 0.99999994}
  m_Children: []
  m_Father: {fileID: 400128}
  m_RootOrder: 1
  m_LocalEulerAnglesHint: {x: 0, y: 0, z: 0}
--- !u!4 &400122
Transform:
  m_ObjectHideFlags: 1
  m_CorrespondingSourceObject: {fileID: 0}
  m_PrefabInternal: {fileID: 100100000}
  m_GameObject: {fileID: 100142}
  m_LocalRotation: {x: -0.017951911, y: -0.31506392, z: -0.06992782, w: 0.94632053}
  m_LocalPosition: {x: -0.066171244, y: 0, z: 0.00000011920929}
  m_LocalScale: {x: 1, y: 1.0000001, z: 1.0000001}
  m_Children:
  - {fileID: 400118}
  m_Father: {fileID: 400128}
  m_RootOrder: 0
  m_LocalEulerAnglesHint: {x: 0, y: 0, z: 0}
--- !u!4 &400124
Transform:
  m_ObjectHideFlags: 1
  m_CorrespondingSourceObject: {fileID: 0}
  m_PrefabInternal: {fileID: 100100000}
  m_GameObject: {fileID: 100146}
  m_LocalRotation: {x: 2.842171e-14, y: -2.1175824e-22, z: -0.000000007450581, w: 1}
  m_LocalPosition: {x: -0.22578561, y: 0, z: 0}
  m_LocalScale: {x: 1, y: 1, z: 0.99999994}
  m_Children: []
  m_Father: {fileID: 400130}
  m_RootOrder: 0
  m_LocalEulerAnglesHint: {x: 0, y: 0, z: 0}
--- !u!4 &400126
Transform:
  m_ObjectHideFlags: 1
  m_CorrespondingSourceObject: {fileID: 0}
  m_PrefabInternal: {fileID: 100100000}
  m_GameObject: {fileID: 100094}
  m_LocalRotation: {x: 0.63106257, y: 0.07452782, z: 0.7709223, w: -0.043410853}
  m_LocalPosition: {x: 0.03574872, y: 0.008741744, z: -0.04956979}
  m_LocalScale: {x: 1, y: 1, z: 1}
  m_Children:
  - {fileID: 400074}
  - {fileID: 400072}
  m_Father: {fileID: 400136}
  m_RootOrder: 2
  m_LocalEulerAnglesHint: {x: 0, y: 0, z: 0}
--- !u!4 &400128
Transform:
  m_ObjectHideFlags: 1
  m_CorrespondingSourceObject: {fileID: 0}
  m_PrefabInternal: {fileID: 100100000}
  m_GameObject: {fileID: 100144}
  m_LocalRotation: {x: -0.6310628, y: -0.07453, z: 0.77092195, w: -0.04340905}
  m_LocalPosition: {x: 0.0357486, y: 0.008741461, z: 0.049569894}
  m_LocalScale: {x: 1, y: 1, z: 1}
  m_Children:
  - {fileID: 400122}
  - {fileID: 400120}
  m_Father: {fileID: 400136}
  m_RootOrder: 1
  m_LocalEulerAnglesHint: {x: 0, y: 0, z: 0}
--- !u!4 &400130
Transform:
  m_ObjectHideFlags: 1
  m_CorrespondingSourceObject: {fileID: 0}
  m_PrefabInternal: {fileID: 100100000}
  m_GameObject: {fileID: 100148}
  m_LocalRotation: {x: 0.00000007359004, y: 0.000000072452906, z: -0.04962499, w: 0.9987679}
  m_LocalPosition: {x: -0.055712223, y: 0, z: 0}
  m_LocalScale: {x: 1.0000001, y: 1.0000001, z: 1}
  m_Children:
  - {fileID: 400124}
  m_Father: {fileID: 400136}
  m_RootOrder: 0
  m_LocalEulerAnglesHint: {x: 0, y: 0, z: 0}
--- !u!4 &400132
Transform:
  m_ObjectHideFlags: 1
  m_CorrespondingSourceObject: {fileID: 0}
  m_PrefabInternal: {fileID: 100100000}
  m_GameObject: {fileID: 100042}
  m_LocalRotation: {x: 0.33372736, y: -0.56836677, z: -0.42048392, w: 0.6235212}
  m_LocalPosition: {x: -0.057448626, y: 0.060480475, z: -0.04778934}
  m_LocalScale: {x: 1.0000001, y: 1, z: 1}
  m_Children: []
  m_Father: {fileID: 400154}
  m_RootOrder: 2
  m_LocalEulerAnglesHint: {x: 0, y: 0, z: 0}
--- !u!4 &400134
Transform:
  m_ObjectHideFlags: 1
  m_CorrespondingSourceObject: {fileID: 0}
  m_PrefabInternal: {fileID: 100100000}
  m_GameObject: {fileID: 100044}
  m_LocalRotation: {x: 0.6235215, y: -0.42048296, z: -0.5683677, w: 0.33372617}
  m_LocalPosition: {x: -0.057448626, y: 0.060480356, z: 0.04800022}
  m_LocalScale: {x: 1.0000002, y: 0.99999976, z: 0.9999998}
  m_Children: []
  m_Father: {fileID: 400154}
  m_RootOrder: 1
  m_LocalEulerAnglesHint: {x: 0, y: 0, z: 0}
--- !u!4 &400136
Transform:
  m_ObjectHideFlags: 1
  m_CorrespondingSourceObject: {fileID: 0}
  m_PrefabInternal: {fileID: 100100000}
  m_GameObject: {fileID: 100150}
  m_LocalRotation: {x: -0.000000032204373, y: 0.0000003262231, z: -0.080512375, w: 0.99675363}
  m_LocalPosition: {x: -0.21394968, y: -0.013251796, z: -0.00000005524305}
  m_LocalScale: {x: 1, y: 1, z: 1}
  m_Children:
  - {fileID: 400130}
  - {fileID: 400128}
  - {fileID: 400126}
  m_Father: {fileID: 400154}
  m_RootOrder: 0
  m_LocalEulerAnglesHint: {x: 0, y: 0, z: 0}
--- !u!4 &400138
Transform:
  m_ObjectHideFlags: 1
  m_CorrespondingSourceObject: {fileID: 0}
  m_PrefabInternal: {fileID: 100100000}
  m_GameObject: {fileID: 100154}
  m_LocalRotation: {x: 0, y: -0.0000000037252894, z: -0, w: 1}
  m_LocalPosition: {x: -0.0670435, y: 0, z: 0}
  m_LocalScale: {x: 1, y: 1, z: 1}
  m_Children: []
  m_Father: {fileID: 400140}
  m_RootOrder: 0
  m_LocalEulerAnglesHint: {x: 0, y: 0, z: 0}
--- !u!4 &400140
Transform:
  m_ObjectHideFlags: 1
  m_CorrespondingSourceObject: {fileID: 0}
  m_PrefabInternal: {fileID: 100100000}
  m_GameObject: {fileID: 100156}
  m_LocalRotation: {x: 0.0000000128201325, y: -0.000000018088489, z: -0.7071068, w: 0.7071068}
  m_LocalPosition: {x: -0.20839427, y: 0.0733999, z: 0}
  m_LocalScale: {x: 1, y: 1, z: 1}
  m_Children:
  - {fileID: 400138}
  m_Father: {fileID: 400142}
  m_RootOrder: 0
  m_LocalEulerAnglesHint: {x: 0, y: 0, z: 0}
--- !u!4 &400142
Transform:
  m_ObjectHideFlags: 1
  m_CorrespondingSourceObject: {fileID: 0}
  m_PrefabInternal: {fileID: 100100000}
  m_GameObject: {fileID: 100158}
  m_LocalRotation: {x: 0.0033945402, y: -0.008119721, z: -0.046509713, w: 0.9988791}
  m_LocalPosition: {x: -0.50145626, y: 0.0000000037252903, z: 0.000000007450581}
  m_LocalScale: {x: 1, y: 0.9999999, z: 0.9999999}
  m_Children:
  - {fileID: 400140}
  m_Father: {fileID: 400144}
  m_RootOrder: 0
  m_LocalEulerAnglesHint: {x: 0, y: 0, z: 0}
--- !u!4 &400144
Transform:
  m_ObjectHideFlags: 1
  m_CorrespondingSourceObject: {fileID: 0}
  m_PrefabInternal: {fileID: 100100000}
  m_GameObject: {fileID: 100160}
  m_LocalRotation: {x: -0.0000000034702432, y: 7.866768e-10, z: 0.04188063, w: 0.9991226}
  m_LocalPosition: {x: -0.3542233, y: 4.656613e-10, z: -0.000000007450581}
  m_LocalScale: {x: 1.0000001, y: 1, z: 1}
  m_Children:
  - {fileID: 400142}
  m_Father: {fileID: 400156}
  m_RootOrder: 0
  m_LocalEulerAnglesHint: {x: 0, y: 0, z: 0}
--- !u!4 &400146
Transform:
  m_ObjectHideFlags: 1
  m_CorrespondingSourceObject: {fileID: 0}
  m_PrefabInternal: {fileID: 100100000}
  m_GameObject: {fileID: 100164}
  m_LocalRotation: {x: 0.0000000037252894, y: -2.2810818e-25, z: 1, w: 6.123234e-17}
  m_LocalPosition: {x: -0.0670435, y: 0, z: 0}
  m_LocalScale: {x: -1, y: -1, z: -1}
  m_Children: []
  m_Father: {fileID: 400148}
  m_RootOrder: 0
  m_LocalEulerAnglesHint: {x: 0, y: 0, z: 0}
--- !u!4 &400148
Transform:
  m_ObjectHideFlags: 1
  m_CorrespondingSourceObject: {fileID: 0}
  m_PrefabInternal: {fileID: 100100000}
  m_GameObject: {fileID: 100166}
  m_LocalRotation: {x: -0.0000000128201325, y: 0.000000018088489, z: -0.7071068, w: 0.7071068}
  m_LocalPosition: {x: -0.20839427, y: 0.07339992, z: 0}
  m_LocalScale: {x: 1, y: 1, z: 1}
  m_Children:
  - {fileID: 400146}
  m_Father: {fileID: 400150}
  m_RootOrder: 0
  m_LocalEulerAnglesHint: {x: 0, y: 0, z: 0}
--- !u!4 &400150
Transform:
  m_ObjectHideFlags: 1
  m_CorrespondingSourceObject: {fileID: 0}
  m_PrefabInternal: {fileID: 100100000}
  m_GameObject: {fileID: 100168}
  m_LocalRotation: {x: -0.0033945406, y: 0.008119633, z: -0.046509698, w: 0.9988791}
  m_LocalPosition: {x: -0.50145626, y: -0.0000000037252903, z: 0}
  m_LocalScale: {x: 1, y: 0.9999999, z: 0.9999999}
  m_Children:
  - {fileID: 400148}
  m_Father: {fileID: 400152}
  m_RootOrder: 0
  m_LocalEulerAnglesHint: {x: 0, y: 0, z: 0}
--- !u!4 &400152
Transform:
  m_ObjectHideFlags: 1
  m_CorrespondingSourceObject: {fileID: 0}
  m_PrefabInternal: {fileID: 100100000}
  m_GameObject: {fileID: 100170}
  m_LocalRotation: {x: 0.0000000027142075, y: -8.183679e-10, z: 0.04188063, w: 0.9991226}
  m_LocalPosition: {x: -0.3542232, y: 9.313226e-10, z: 0}
  m_LocalScale: {x: 1, y: 1, z: 1}
  m_Children:
  - {fileID: 400150}
  m_Father: {fileID: 400158}
  m_RootOrder: 0
  m_LocalEulerAnglesHint: {x: 0, y: 0, z: 0}
--- !u!4 &400154
Transform:
  m_ObjectHideFlags: 1
  m_CorrespondingSourceObject: {fileID: 0}
  m_PrefabInternal: {fileID: 100100000}
  m_GameObject: {fileID: 100152}
  m_LocalRotation: {x: -0.000000020901293, y: -0.0000002202053, z: 0.10355746, w: 0.9946235}
  m_LocalPosition: {x: -0.14616346, y: -0.00014786422, z: -4.0591885e-10}
  m_LocalScale: {x: 0.99999994, y: 0.99999994, z: 0.99999994}
  m_Children:
  - {fileID: 400136}
  - {fileID: 400134}
  - {fileID: 400132}
  m_Father: {fileID: 400174}
  m_RootOrder: 2
  m_LocalEulerAnglesHint: {x: 0, y: 0, z: 0}
--- !u!4 &400156
Transform:
  m_ObjectHideFlags: 1
  m_CorrespondingSourceObject: {fileID: 0}
  m_PrefabInternal: {fileID: 100100000}
  m_GameObject: {fileID: 100162}
  m_LocalRotation: {x: -0.03398722, y: 0.99835694, z: 0.045061078, w: -0.0098908255}
  m_LocalPosition: {x: 0.09807193, y: 0.011080995, z: -0.07911609}
  m_LocalScale: {x: 0.99999994, y: 1.0000001, z: 1}
  m_Children:
  - {fileID: 400144}
  m_Father: {fileID: 400174}
  m_RootOrder: 1
  m_LocalEulerAnglesHint: {x: 0, y: 0, z: 0}
--- !u!4 &400158
Transform:
  m_ObjectHideFlags: 1
  m_CorrespondingSourceObject: {fileID: 0}
  m_PrefabInternal: {fileID: 100100000}
  m_GameObject: {fileID: 100172}
  m_LocalRotation: {x: -0.033987198, y: 0.99835706, z: -0.045058314, w: 0.009890781}
  m_LocalPosition: {x: 0.09807193, y: 0.011080556, z: 0.07911612}
  m_LocalScale: {x: 0.99999994, y: 1, z: 1}
  m_Children:
  - {fileID: 400152}
  m_Father: {fileID: 400174}
  m_RootOrder: 0
  m_LocalEulerAnglesHint: {x: 0, y: 0, z: 0}
--- !u!4 &400160
Transform:
  m_ObjectHideFlags: 1
  m_CorrespondingSourceObject: {fileID: 0}
  m_PrefabInternal: {fileID: 100100000}
  m_GameObject: {fileID: 100004}
  m_LocalRotation: {x: 0.7033913, y: 0.71080285, z: -0.0000015456853, w: 0.00000048296084}
  m_LocalPosition: {x: -0.053744078, y: -0.11834036, z: 0.00000059604645}
  m_LocalScale: {x: 0.99999994, y: 0.99999994, z: 1}
  m_Children:
  - {fileID: 400002}
  m_Father: {fileID: 400176}
  m_RootOrder: 7
  m_LocalEulerAnglesHint: {x: 0, y: 0, z: 0}
--- !u!4 &400162
Transform:
  m_ObjectHideFlags: 1
  m_CorrespondingSourceObject: {fileID: 0}
  m_PrefabInternal: {fileID: 100100000}
  m_GameObject: {fileID: 100010}
  m_LocalRotation: {x: 0.011787098, y: 0.8012116, z: -0.5935077, w: -0.07529704}
  m_LocalPosition: {x: 0.05245793, y: -0.14523156, z: -0.0939995}
  m_LocalScale: {x: 0.9999998, y: 1.0000002, z: 0.9999998}
  m_Children:
  - {fileID: 400006}
  m_Father: {fileID: 400176}
  m_RootOrder: 6
  m_LocalEulerAnglesHint: {x: 0, y: 0, z: 0}
--- !u!4 &400164
Transform:
  m_ObjectHideFlags: 1
  m_CorrespondingSourceObject: {fileID: 0}
  m_PrefabInternal: {fileID: 100100000}
  m_GameObject: {fileID: 100016}
  m_LocalRotation: {x: -0.07529598, y: -0.5935055, z: 0.8012133, w: 0.011787811}
  m_LocalPosition: {x: 0.052458167, y: -0.14523102, z: 0.09374183}
  m_LocalScale: {x: 1.0000001, y: 1.0000002, z: 1}
  m_Children:
  - {fileID: 400010}
  m_Father: {fileID: 400176}
  m_RootOrder: 5
  m_LocalEulerAnglesHint: {x: 0, y: 0, z: 0}
--- !u!4 &400166
Transform:
  m_ObjectHideFlags: 1
  m_CorrespondingSourceObject: {fileID: 0}
  m_PrefabInternal: {fileID: 100100000}
  m_GameObject: {fileID: 100022}
  m_LocalRotation: {x: -0.05319316, y: -0.02028464, z: 0.9983489, w: 0.0076530697}
  m_LocalPosition: {x: 0.052821755, y: -0.021130312, z: 0.19399992}
  m_LocalScale: {x: 1, y: 1.0000001, z: 0.99999994}
  m_Children:
  - {fileID: 400014}
  m_Father: {fileID: 400176}
  m_RootOrder: 4
  m_LocalEulerAnglesHint: {x: 0, y: 0, z: 0}
--- !u!4 &400168
Transform:
  m_ObjectHideFlags: 1
  m_CorrespondingSourceObject: {fileID: 0}
  m_PrefabInternal: {fileID: 100100000}
  m_GameObject: {fileID: 100028}
  m_LocalRotation: {x: 0.007652951, y: 0.9983488, z: -0.020287592, w: -0.05319444}
  m_LocalPosition: {x: 0.05282128, y: -0.021131381, z: -0.19396293}
  m_LocalScale: {x: 1.0000001, y: 1.0000001, z: 0.9999999}
  m_Children:
  - {fileID: 400018}
  m_Father: {fileID: 400176}
  m_RootOrder: 3
  m_LocalEulerAnglesHint: {x: 0, y: 0, z: 0}
--- !u!4 &400170
Transform:
  m_ObjectHideFlags: 1
  m_CorrespondingSourceObject: {fileID: 0}
  m_PrefabInternal: {fileID: 100100000}
  m_GameObject: {fileID: 100034}
  m_LocalRotation: {x: 0.0011683471, y: 0.7882914, z: 0.6139285, w: -0.04107473}
  m_LocalPosition: {x: 0.053928852, y: 0.11494847, z: -0.08785271}
  m_LocalScale: {x: 0.99999994, y: 1.0000002, z: 1}
  m_Children:
  - {fileID: 400022}
  m_Father: {fileID: 400176}
  m_RootOrder: 2
  m_LocalEulerAnglesHint: {x: 0, y: 0, z: 0}
--- !u!4 &400172
Transform:
  m_ObjectHideFlags: 1
  m_CorrespondingSourceObject: {fileID: 0}
  m_PrefabInternal: {fileID: 100100000}
  m_GameObject: {fileID: 100040}
  m_LocalRotation: {x: -0.04107361, y: 0.61393076, z: 0.78828967, w: 0.00116723}
  m_LocalPosition: {x: 0.053846836, y: 0.114562035, z: 0.08961384}
  m_LocalScale: {x: 1, y: 0.99999994, z: 0.9999998}
  m_Children:
  - {fileID: 400026}
  m_Father: {fileID: 400176}
  m_RootOrder: 1
  m_LocalEulerAnglesHint: {x: 0, y: 0, z: 0}
--- !u!4 &400174
Transform:
  m_ObjectHideFlags: 1
  m_CorrespondingSourceObject: {fileID: 0}
  m_PrefabInternal: {fileID: 100100000}
  m_GameObject: {fileID: 100174}
  m_LocalRotation: {x: -0.0000021078838, y: 0.000000693777, z: -0.038324215, w: 0.9992654}
  m_LocalPosition: {x: -0.098632455, y: -0.0035366546, z: 0.00000015609464}
  m_LocalScale: {x: 1, y: 0.99999994, z: 0.99999994}
  m_Children:
  - {fileID: 400158}
  - {fileID: 400156}
  - {fileID: 400154}
  m_Father: {fileID: 400176}
  m_RootOrder: 0
  m_LocalEulerAnglesHint: {x: 0, y: 0, z: 0}
--- !u!4 &400176
Transform:
  m_ObjectHideFlags: 1
  m_CorrespondingSourceObject: {fileID: 0}
  m_PrefabInternal: {fileID: 100100000}
  m_GameObject: {fileID: 100176}
  m_LocalRotation: {x: -0.49999964, y: 0.50000036, z: 0.49999964, w: 0.50000036}
  m_LocalPosition: {x: -0, y: 0, z: 0}
  m_LocalScale: {x: 1, y: 0.99999994, z: 0.99999994}
  m_Children:
  - {fileID: 400174}
  - {fileID: 400172}
  - {fileID: 400170}
  - {fileID: 400168}
  - {fileID: 400166}
  - {fileID: 400164}
  - {fileID: 400162}
  - {fileID: 400160}
  m_Father: {fileID: 400182}
  m_RootOrder: 1
  m_LocalEulerAnglesHint: {x: 0, y: 0, z: 0}
--- !u!4 &400178
Transform:
  m_ObjectHideFlags: 1
  m_CorrespondingSourceObject: {fileID: 0}
  m_PrefabInternal: {fileID: 100100000}
  m_GameObject: {fileID: 100178}
  m_LocalRotation: {x: 0, y: 0, z: -0.70710635, w: 0.7071073}
  m_LocalPosition: {x: -0, y: 0, z: -1.061778}
  m_LocalScale: {x: 1, y: 1, z: 1}
  m_Children: []
  m_Father: {fileID: 400182}
  m_RootOrder: 0
  m_LocalEulerAnglesHint: {x: 0, y: 0, z: 0}
--- !u!4 &400180
Transform:
  m_ObjectHideFlags: 1
  m_CorrespondingSourceObject: {fileID: 0}
  m_PrefabInternal: {fileID: 100100000}
  m_GameObject: {fileID: 100180}
  m_LocalRotation: {x: -0.7071068, y: 0, z: -0, w: 0.7071068}
  m_LocalPosition: {x: 0, y: 0, z: 0}
  m_LocalScale: {x: 1, y: 1, z: 1}
  m_Children: []
  m_Father: {fileID: 400184}
  m_RootOrder: 1
  m_LocalEulerAnglesHint: {x: 0, y: 0, z: 0}
--- !u!4 &400182
Transform:
  m_ObjectHideFlags: 1
  m_CorrespondingSourceObject: {fileID: 0}
  m_PrefabInternal: {fileID: 100100000}
  m_GameObject: {fileID: 100182}
  m_LocalRotation: {x: -0.5, y: 0.5, z: 0.5, w: 0.5}
  m_LocalPosition: {x: 0, y: 1.0665591, z: 0.019811973}
  m_LocalScale: {x: 0.99999994, y: 0.99999994, z: 1}
  m_Children:
  - {fileID: 400178}
  - {fileID: 400176}
  m_Father: {fileID: 400184}
  m_RootOrder: 0
  m_LocalEulerAnglesHint: {x: 0, y: 0, z: 0}
--- !u!4 &400184
Transform:
  m_ObjectHideFlags: 1
  m_CorrespondingSourceObject: {fileID: 0}
  m_PrefabInternal: {fileID: 100100000}
  m_GameObject: {fileID: 100184}
  m_LocalRotation: {x: 0, y: 1, z: 0, w: -0.00000004371139}
  m_LocalPosition: {x: -0.6922147, y: 0, z: 0.00000006146729}
  m_LocalScale: {x: 1, y: 1, z: 1}
  m_Children:
  - {fileID: 400182}
  - {fileID: 400180}
  m_Father: {fileID: 0}
  m_RootOrder: 0
  m_LocalEulerAnglesHint: {x: 0, y: 0, z: 0}
--- !u!95 &9500000
Animator:
  serializedVersion: 3
  m_ObjectHideFlags: 1
  m_CorrespondingSourceObject: {fileID: 0}
  m_PrefabInternal: {fileID: 100100000}
  m_GameObject: {fileID: 100184}
  m_Enabled: 1
  m_Avatar: {fileID: 9000000, guid: 406c840e03f5c7844885d775a4e61ab7, type: 3}
  m_Controller: {fileID: 0}
  m_CullingMode: 1
  m_UpdateMode: 0
  m_ApplyRootMotion: 0
  m_LinearVelocityBlending: 0
  m_WarningMessage: 
  m_HasTransformHierarchy: 1
  m_AllowConstantClipSamplingOptimization: 1
  m_KeepAnimatorControllerStateOnDisable: 0
--- !u!137 &13700000
SkinnedMeshRenderer:
  m_ObjectHideFlags: 1
  m_CorrespondingSourceObject: {fileID: 0}
  m_PrefabInternal: {fileID: 100100000}
  m_GameObject: {fileID: 100180}
  m_Enabled: 1
  m_CastShadows: 1
  m_ReceiveShadows: 1
  m_DynamicOccludee: 1
  m_MotionVectors: 1
  m_LightProbeUsage: 0
  m_ReflectionProbeUsage: 1
  m_RenderingLayerMask: 4294967295
  m_Materials:
  - {fileID: 2100000, guid: 6fcdfa90a2c43f742bf4844bdf75c810, type: 2}
  m_StaticBatchInfo:
    firstSubMesh: 0
    subMeshCount: 0
  m_StaticBatchRoot: {fileID: 0}
  m_ProbeAnchor: {fileID: 0}
  m_LightProbeVolumeOverride: {fileID: 0}
  m_ScaleInLightmap: 1
  m_PreserveUVs: 0
  m_IgnoreNormalsForChartDetection: 0
  m_ImportantGI: 0
  m_StitchLightmapSeams: 0
  m_SelectedEditorRenderState: 3
  m_MinimumChartSize: 4
  m_AutoUVMaxDistance: 0.5
  m_AutoUVMaxAngle: 89
  m_LightmapParameters: {fileID: 0}
  m_SortingLayerID: 0
  m_SortingLayer: 0
  m_SortingOrder: 0
  serializedVersion: 2
  m_Quality: 0
  m_UpdateWhenOffscreen: 0
  m_SkinnedMotionVectors: 1
  m_Mesh: {fileID: 4300000, guid: 406c840e03f5c7844885d775a4e61ab7, type: 3}
  m_Bones:
  - {fileID: 400176}
  - {fileID: 400174}
  - {fileID: 400158}
  - {fileID: 400156}
  - {fileID: 400074}
  - {fileID: 400122}
  - {fileID: 400128}
  - {fileID: 400154}
  - {fileID: 400134}
  - {fileID: 400126}
  - {fileID: 400132}
  - {fileID: 400136}
  - {fileID: 400130}
  - {fileID: 400070}
  - {fileID: 400056}
  - {fileID: 400054}
  - {fileID: 400066}
  - {fileID: 400068}
  - {fileID: 400064}
  - {fileID: 400050}
  - {fileID: 400048}
  - {fileID: 400062}
  - {fileID: 400032}
  - {fileID: 400030}
  - {fileID: 400058}
  - {fileID: 400060}
  - {fileID: 400044}
  - {fileID: 400042}
  - {fileID: 400038}
  - {fileID: 400036}
  - {fileID: 400118}
  - {fileID: 400104}
  - {fileID: 400102}
  - {fileID: 400114}
  - {fileID: 400116}
  - {fileID: 400112}
  - {fileID: 400098}
  - {fileID: 400096}
  - {fileID: 400110}
  - {fileID: 400080}
  - {fileID: 400078}
  - {fileID: 400106}
  - {fileID: 400108}
  - {fileID: 400092}
  - {fileID: 400090}
  - {fileID: 400086}
  - {fileID: 400084}
  - {fileID: 400144}
  - {fileID: 400142}
  - {fileID: 400140}
  - {fileID: 400152}
  - {fileID: 400150}
  - {fileID: 400148}
  m_BlendShapeWeights: []
  m_RootBone: {fileID: 400176}
  m_AABB:
    m_Center: {x: 0.2467129, y: -0.010140806, z: -0.00000017881393}
    m_Extent: {x: 0.8204464, y: 0.1845049, z: 0.5720288}
  m_DirtyAABB: 0
--- !u!1001 &100100000
Prefab:
  m_ObjectHideFlags: 1
  serializedVersion: 2
  m_Modification:
    m_TransformParent: {fileID: 0}
    m_Modifications: []
    m_RemovedComponents: []
  m_SourcePrefab: {fileID: 0}
  m_RootGameObject: {fileID: 100184}
  m_IsPrefabAsset: 1
